<?xml version="1.0" encoding="UTF-8"?>
<!DOCTYPE html PUBLIC "-//W3C//DTD XHTML 1.0 Transitional//EN"
    "http://www.w3.org/TR/xhtml1/DTD/xhtml1-transitional.dtd">
<html xmlns="http://www.w3.org/1999/xhtml" xml:lang="en" lang="en">
 <head>
  <title>
</title>
<meta http-equiv="Content-Type" content="text/html;charset=utf-8" />
  <meta name='ocr-system' content='tesseract 3.04.00' />
  <meta name='ocr-capabilities' content='ocr_page ocr_carea ocr_par ocr_line ocrx_word'/>
</head>
<body>
  <div class='ocr_page' id='page_1' title='image "./deplautinisette01bertgoog_0097.png"; bbox 0 0 3330 5258; ppageno 0'>
   <div class='ocr_carea' id='block_1_1' title="bbox 898 441 1040 500">
    <p class='ocr_par' dir='ltr' id='par_1_1' title="bbox 898 441 1040 500">
     <span class='ocr_line' id='line_1_1' title="bbox 898 441 1040 500; baseline -0.035 0"><span class='ocrx_word' id='word_1_1' title='bbox 898 441 1040 500; x_wconf 52' lang='lat'>-286-</span> 
     </span>
    </p>
   </div>
   <div class='ocr_carea' id='block_1_2' title="bbox 436 565 1507 1168">
    <p class='ocr_par' dir='ltr' id='par_1_2' title="bbox 436 565 1507 1168">
     <span class='ocr_line' id='line_1_2' title="bbox 436 565 1504 664; baseline -0.002 -22"><span class='ocrx_word' id='word_1_2' title='bbox 436 575 470 644; x_wconf 92' lang='lat' dir='ltr'>et</span> <span class='ocrx_word' id='word_1_3' title='bbox 484 589 548 664; x_wconf 91' lang='lat' dir='ltr'>ope</span> <span class='ocrx_word' id='word_1_4' title='bbox 568 574 704 664; x_wconf 79' lang='lat' dir='ltr'>egeant,</span> <span class='ocrx_word' id='word_1_5' title='bbox 723 589 759 642; x_wconf 91' lang='lat' dir='ltr'>se</span> <span class='ocrx_word' id='word_1_6' title='bbox 777 575 863 641; x_wconf 86' lang='lat' dir='ltr'>totos</span> <span class='ocrx_word' id='word_1_7' title='bbox 883 565 1058 642; x_wconf 80' lang='lat' dir='ltr'><strong>dedentes.</strong></span> <span class='ocrx_word' id='word_1_8' title='bbox 1083 567 1152 640; x_wconf 88' lang='lat' dir='ltr'>llos</span> <span class='ocrx_word' id='word_1_9' title='bbox 1166 574 1351 655; x_wconf 76' lang='lat' dir='ltr'>amaturae,</span> <span class='ocrx_word' id='word_1_10' title='bbox 1376 588 1504 662; x_wconf 87' lang='lat' dir='ltr'><strong>nempe</strong></span> 
     </span>
     <span class='ocr_line' id='line_1_3' title="bbox 436 691 1506 789; baseline -0.001 -22"><span class='ocrx_word' id='word_1_11' title='bbox 436 693 598 782; x_wconf 81' lang='lat' dir='ltr'>Cliniam,</span> <span class='ocrx_word' id='word_1_12' title='bbox 617 692 848 789; x_wconf 87' lang='lat' dir='ltr'>Pamphilum,</span> <span class='ocrx_word' id='word_1_13' title='bbox 864 692 934 766; x_wconf 92' lang='lat' dir='ltr'>etsi</span> <span class='ocrx_word' id='word_1_14' title='bbox 948 715 1053 789; x_wconf 87' lang='lat' dir='ltr'>quem</span> <span class='ocrx_word' id='word_1_15' title='bbox 1067 691 1275 788; x_wconf 83' lang='lat' dir='ltr'><strong>persimilem</strong></span> <span class='ocrx_word' id='word_1_16' title='bbox 1289 691 1381 789; x_wconf 92' lang='lat' dir='ltr'>apud</span> <span class='ocrx_word' id='word_1_17' title='bbox 1397 692 1506 788; x_wconf 81' lang='lat' dir='ltr'>Apol-</span> 
     </span>
     <span class='ocr_line' id='line_1_4' title="bbox 438 817 1506 917; baseline -0.001 -26"><span class='ocrx_word' id='word_1_18' title='bbox 438 817 596 894; x_wconf 89' lang='lat' dir='ltr'>lodorum</span> <span class='ocrx_word' id='word_1_19' title='bbox 607 818 799 916; x_wconf 79' lang='lat' dir='ltr'>Caryatium</span> <span class='ocrx_word' id='word_1_20' title='bbox 817 818 957 908; x_wconf 84' lang='lat' dir='ltr'>invenit,</span> <span class='ocrx_word' id='word_1_21' title='bbox 968 817 1146 893; x_wconf 89' lang='lat' dir='ltr'>Terentius</span> <span class='ocrx_word' id='word_1_22' title='bbox 1156 817 1253 914; x_wconf 89' lang='lat' dir='ltr'>quasi</span> <span class='ocrx_word' id='word_1_23' title='bbox 1269 839 1349 891; x_wconf 90' lang='lat' dir='ltr'>snos</span> <span class='ocrx_word' id='word_1_24' title='bbox 1361 819 1506 917; x_wconf 75' lang='lat' dir='ltr'>agnovit</span> 
     </span>
     <span class='ocr_line' id='line_1_5' title="bbox 439 941 1507 1042; baseline -0.002 -24"><span class='ocrx_word' id='word_1_25' title='bbox 439 952 473 1019; x_wconf 86' lang='lat' dir='ltr'>el</span> <span class='ocrx_word' id='word_1_26' title='bbox 505 944 680 1040; x_wconf 83' lang='lat' dir='ltr'>amplexos</span> <span class='ocrx_word' id='word_1_27' title='bbox 706 952 768 1034; x_wconf 84' lang='lat' dir='ltr'>esi,</span> <span class='ocrx_word' id='word_1_28' title='bbox 793 951 896 1040; x_wconf 87' lang='lat' dir='ltr'>atque</span> <span class='ocrx_word' id='word_1_29' title='bbox 927 943 961 1016; x_wconf 97' lang='lat' dir='ltr'>in</span> <span class='ocrx_word' id='word_1_30' title='bbox 992 965 1071 1042; x_wconf 79' lang='lat' dir='ltr'>suas</span> <span class='ocrx_word' id='word_1_31' title='bbox 1097 941 1243 1034; x_wconf 81' lang='lat' dir='ltr'>fabulas,</span> <span class='ocrx_word' id='word_1_32' title='bbox 1269 965 1338 1017; x_wconf 89' lang='lat' dir='ltr'>non</span> <span class='ocrx_word' id='word_1_33' title='bbox 1363 943 1507 1041; x_wconf 82' lang='lat' dir='ltr'>ingenio</span> 
     </span>
     <span class='ocr_line' id='line_1_6' title="bbox 440 1048 1394 1168; baseline -0.006 -24"><span class='ocrx_word' id='word_1_34' title='bbox 440 1048 588 1160; x_wconf 87' lang='lat' dir='ltr'>tantum,</span> <span class='ocrx_word' id='word_1_35' title='bbox 611 1069 789 1146; x_wconf 87' lang='lat' dir='ltr'>sedetiam</span> <span class='ocrx_word' id='word_1_36' title='bbox 809 1070 925 1144; x_wconf 92' lang='lat' dir='ltr'>animo</span> <span class='ocrx_word' id='word_1_37' title='bbox 942 1071 1118 1168; x_wconf 89' lang='lat' dir='ltr'>impulsus,</span> <span class='ocrx_word' id='word_1_38' title='bbox 1136 1071 1307 1144; x_wconf 70' lang='lat' dir='ltr'>transtulit</span> <span class='ocrx_word' id='word_1_39' title='bbox 1326 1071 1337 1166; x_wconf 90' lang='lat'>(</span> <span class='ocrx_word' id='word_1_40' title='bbox 1366 1069 1394 1166; x_wconf 82' lang='lat'>).</span> 
     </span>
    </p>
   </div>
   <div class='ocr_carea' id='block_1_3' title="bbox 442 1362 1510 1750">
    <p class='ocr_par' dir='ltr' id='par_1_3' title="bbox 442 1362 1510 1750">
     <span class='ocr_line' id='line_1_7' title="bbox 474 1362 1508 1428; baseline 0.003 -18"><span class='ocrx_word' id='word_1_41' title='bbox 474 1362 508 1426; x_wconf 89' lang='lat' dir='ltr'>(l)</span> <span class='ocrx_word' id='word_1_42' title='bbox 524 1363 695 1413; x_wconf 81' lang='lat' dir='ltr'>Adolescenles</span> <span class='ocrx_word' id='word_1_43' title='bbox 709 1368 829 1413; x_wconf 86' lang='lat' dir='ltr'>amatores</span> <span class='ocrx_word' id='word_1_44' title='bbox 844 1379 859 1413; x_wconf 92' lang='lat' dir='ltr'>a</span> <span class='ocrx_word' id='word_1_45' title='bbox 873 1365 1007 1414; x_wconf 84' lang='lat' dir='ltr'>Menandro</span> <span class='ocrx_word' id='word_1_46' title='bbox 1022 1370 1046 1415; x_wconf 87' lang='lat' dir='ltr'>et</span> <span class='ocrx_word' id='word_1_47' title='bbox 1061 1366 1091 1414; x_wconf 89' lang='lat' dir='ltr'>ab</span> <span class='ocrx_word' id='word_1_48' title='bbox 1107 1363 1250 1428; x_wconf 75' lang='lat' dir='ltr'>Apollodoro</span> <span class='ocrx_word' id='word_1_49' title='bbox 1266 1365 1382 1426; x_wconf 81' lang='lat' dir='ltr'>descripti</span> <span class='ocrx_word' id='word_1_50' title='bbox 1397 1365 1508 1414; x_wconf 92' lang='lat' dir='ltr'>nonnisi</span> 
     </span>
     <span class='ocr_line' id='line_1_8' title="bbox 442 1443 1508 1508; baseline 0.002 -16"><span class='ocrx_word' id='word_1_51' title='bbox 442 1457 486 1505; x_wconf 86' lang='lat' dir='ltr'>per</span> <span class='ocrx_word' id='word_1_52' title='bbox 499 1443 589 1492; x_wconf 87' lang='lat' dir='ltr'>latinas</span> <span class='ocrx_word' id='word_1_53' title='bbox 603 1443 698 1508; x_wconf 76' lang='lat' dir='ltr'>efligies</span> <span class='ocrx_word' id='word_1_54' title='bbox 713 1444 783 1493; x_wconf 90' lang='lat' dir='ltr'>nobis</span> <span class='ocrx_word' id='word_1_55' title='bbox 803 1447 853 1494; x_wconf 90' lang='lat' dir='ltr'>noti</span> <span class='ocrx_word' id='word_1_56' title='bbox 878 1449 943 1494; x_wconf 81' lang='lat' dir='ltr'>sunl.</span> <span class='ocrx_word' id='word_1_57' title='bbox 967 1446 1036 1504; x_wconf 86' lang='lat' dir='ltr'>Quod</span> <span class='ocrx_word' id='word_1_58' title='bbox 1052 1445 1151 1508; x_wconf 88' lang='lat' dir='ltr'>quidem</span> <span class='ocrx_word' id='word_1_59' title='bbox 1173 1446 1203 1494; x_wconf 86' lang='lat' dir='ltr'>ud</span> <span class='ocrx_word' id='word_1_60' title='bbox 1226 1446 1387 1494; x_wconf 83' lang='lat' dir='ltr'>Menandrum</span> <span class='ocrx_word' id='word_1_61' title='bbox 1409 1445 1508 1506; x_wconf 84' lang='lat' dir='ltr'>attinet,</span> 
     </span>
     <span class='ocr_line' id='line_1_9' title="bbox 442 1525 1510 1590; baseline 0.002 -18"><span class='ocrx_word' id='word_1_62' title='bbox 442 1525 468 1572; x_wconf 93' lang='lat' dir='ltr'>iu</span> <span class='ocrx_word' id='word_1_63' title='bbox 482 1525 635 1587; x_wconf 84' lang='lat' dir='ltr'>paucissimis</span> <span class='ocrx_word' id='word_1_64' title='bbox 648 1525 759 1575; x_wconf 87' lang='lat' dir='ltr'>versibus</span> <span class='ocrx_word' id='word_1_65' title='bbox 775 1540 788 1574; x_wconf 87' lang='lat' dir='ltr'>e</span> <span class='ocrx_word' id='word_1_66' title='bbox 803 1525 942 1575; x_wconf 88' lang='lat' dir='ltr'>tristissimo</span> <span class='ocrx_word' id='word_1_67' title='bbox 959 1526 1087 1590; x_wconf 79' lang='lat' dir='ltr'>naulragio</span> <span class='ocrx_word' id='word_1_68' title='bbox 1101 1528 1201 1576; x_wconf 87' lang='lat' dir='ltr'>emersis</span> <span class='ocrx_word' id='word_1_69' title='bbox 1216 1535 1291 1575; x_wconf 90' lang='lat' dir='ltr'>unum</span> <span class='ocrx_word' id='word_1_70' title='bbox 1306 1531 1440 1574; x_wconf 85' lang='lat' dir='ltr'>amatorem</span> <span class='ocrx_word' id='word_1_71' title='bbox 1454 1541 1510 1574; x_wconf 86' lang='lat' dir='ltr'>nar-</span> 
     </span>
     <span class='ocr_line' id='line_1_10' title="bbox 444 1606 1509 1670; baseline 0.004 -18"><span class='ocrx_word' id='word_1_72' title='bbox 444 1612 540 1654; x_wconf 90' lang='lat' dir='ltr'>rantem</span> <span class='ocrx_word' id='word_1_73' title='bbox 555 1607 668 1655; x_wconf 88' lang='lat' dir='ltr'>audimus</span> <span class='ocrx_word' id='word_1_74' title='bbox 681 1622 729 1668; x_wconf 87' lang='lat' dir='ltr'>qua</span> <span class='ocrx_word' id='word_1_75' title='bbox 741 1607 822 1656; x_wconf 89' lang='lat' dir='ltr'>subita</span> <span class='ocrx_word' id='word_1_76' title='bbox 839 1610 863 1655; x_wconf 87' lang='lat' dir='ltr'>et</span> <span class='ocrx_word' id='word_1_77' title='bbox 885 1620 975 1670; x_wconf 76' lang='lat' dir='ltr'>magna</span> <span class='ocrx_word' id='word_1_78' title='bbox 993 1609 1116 1670; x_wconf 84' lang='lat' dir='ltr'>voluptate</span> <span class='ocrx_word' id='word_1_79' title='bbox 1128 1609 1234 1670; x_wconf 84' lang='lat' dir='ltr'>pereites</span> <span class='ocrx_word' id='word_1_80' title='bbox 1247 1609 1329 1667; x_wconf 86' lang='lat' dir='ltr'>luerit,</span> <span class='ocrx_word' id='word_1_81' title='bbox 1347 1606 1389 1655; x_wconf 86' lang='lat' dir='ltr'>ubi</span> <span class='ocrx_word' id='word_1_82' title='bbox 1404 1607 1509 1668; x_wconf 90' lang='lat' dir='ltr'>primum</span> 
     </span>
     <span class='ocr_line' id='line_1_11' title="bbox 446 1681 1206 1750; baseline 0.003 -16"><span class='ocrx_word' id='word_1_83' title='bbox 446 1685 575 1744; x_wconf 79' lang='lat' dir='ltr'>mriliermn</span> <span class='ocrx_word' id='word_1_84' title='bbox 592 1691 698 1736; x_wconf 88' lang='lat' dir='ltr'>amatam</span> <span class='ocrx_word' id='word_1_85' title='bbox 716 1687 825 1750; x_wconf 85' lang='lat' dir='ltr'>tetigerit</span> <span class='ocrx_word' id='word_1_86' title='bbox 840 1691 864 1736; x_wconf 85' lang='lat' dir='ltr'>el</span> <span class='ocrx_word' id='word_1_87' title='bbox 877 1689 1000 1737; x_wconf 82' lang='lat' dir='ltr'>osculatus</span> <span class='ocrx_word' id='word_1_88' title='bbox 1011 1689 1103 1738; x_wconf 85' lang='lat' dir='ltr'>suerit:</span> <span class='ocrx_word' id='word_1_89' title='bbox 1204 1681 1206 1686; x_wconf 75' lang='grc'><strong>’</strong></span> 
     </span>
    </p>
   </div>
   <div class='ocr_carea' id='block_1_4' title="bbox 600 1844 1266 2644">
    <p class='ocr_par' dir='ltr' id='par_1_4' title="bbox 600 1844 1151 1916">
     <span class='ocr_line' id='line_1_12' title="bbox 600 1844 1151 1916; baseline -0.004 -16"><span class='ocrx_word' id='word_1_90' title='bbox 600 1850 643 1902; x_wconf 76' lang='grc' dir='ltr'>Μὰ</span> <span class='ocrx_word' id='word_1_91' title='bbox 660 1844 703 1912; x_wconf 76' lang='grc' dir='ltr'>τὴν</span> <span class='ocrx_word' id='word_1_92' title='bbox 722 1849 833 1912; x_wconf 78' lang='grc' dir='ltr'>Ἀθηνᾶν,</span> <span class='ocrx_word' id='word_1_93' title='bbox 846 1849 935 1916; x_wconf 73' lang='grc' dir='ltr'>ἄνδρες,</span> <span class='ocrx_word' id='word_1_94' title='bbox 952 1844 1023 1900; x_wconf 80' lang='grc' dir='ltr'>εἷιιίνΙ</span> <span class='ocrx_word' id='word_1_95' title='bbox 1039 1845 1084 1902; x_wconf 78' lang='grc' dir='ltr'>οὖν</span> <span class='ocrx_word' id='word_1_96' title='bbox 1100 1851 1151 1916; x_wconf 86' lang='grc' dir='ltr'>ἐ’γω</span> 
     </span>
    </p>

    <p class='ocr_par' dir='ltr' id='par_1_5' title="bbox 602 1930 1093 1998">
     <span class='ocr_line' id='line_1_13' title="bbox 602 1930 1093 1998; baseline 0.004 -18"><span class='ocrx_word' id='word_1_97' title='bbox 602 1931 677 1996; x_wconf 79' lang='grc' dir='ltr'>εὑρεῖν</span> <span class='ocrx_word' id='word_1_98' title='bbox 688 1932 775 1994; x_wconf 77' lang='grc' dir='ltr'>ὁμοίαν</span> <span class='ocrx_word' id='word_1_99' title='bbox 787 1935 821 1998; x_wconf 88' lang='grc' dir='ltr'>τῷ</span> <span class='ocrx_word' id='word_1_100' title='bbox 836 1930 946 1996; x_wconf 77' lang='grc' dir='ltr'>γεγονότι</span> <span class='ocrx_word' id='word_1_101' title='bbox 961 1932 1093 1998; x_wconf 80' lang='grc' dir='ltr'>πράγματι,</span> 
     </span>
    </p>

    <p class='ocr_par' dir='ltr' id='par_1_6' title="bbox 602 2008 1230 2242">
     <span class='ocr_line' id='line_1_14' title="bbox 602 2008 1151 2079; baseline 0.007 -18"><span class='ocrx_word' id='word_1_102' title='bbox 602 2016 678 2072; x_wconf 79' lang='grc' dir='ltr'>ζητῶν</span> <span class='ocrx_word' id='word_1_103' title='bbox 691 2013 749 2076; x_wconf 76' lang='grc' dir='ltr'>πρὸς</span> <span class='ocrx_word' id='word_1_104' title='bbox 764 2008 869 2076; x_wconf 77' lang='grc' dir='ltr'>ἐμαυτὸν</span> <span class='ocrx_word' id='word_1_105' title='bbox 883 2013 908 2062; x_wconf 89' lang='grc' dir='ltr'>τί</span> <span class='ocrx_word' id='word_1_106' title='bbox 920 2013 1016 2079; x_wconf 76' lang='grc' dir='ltr'>ταχέως</span> <span class='ocrx_word' id='word_1_107' title='bbox 1027 2008 1151 2065; x_wconf 77' lang='grc' dir='ltr'>ἀπολλύει.</span> 
     </span>
     <span class='ocr_line' id='line_1_15' title="bbox 602 2089 1230 2160; baseline -0.005 -15"><span class='ocrx_word' id='word_1_108' title='bbox 602 2093 743 2159; x_wconf 78' lang='grc' dir='ltr'>Στρὸὅιλος;</span> <span class='ocrx_word' id='word_1_109' title='bbox 761 2089 785 2143; x_wconf 82' lang='grc' dir='ltr'>ἐν</span> <span class='ocrx_word' id='word_1_110' title='bbox 801 2092 852 2160; x_wconf 85' lang='grc' dir='ltr'>ίίσῳ</span> <span class='ocrx_word' id='word_1_111' title='bbox 871 2095 1041 2160; x_wconf 79' lang='grc' dir='ltr'>συστρέφεται,</span> <span class='ocrx_word' id='word_1_112' title='bbox 1058 2094 1230 2160; x_wconf 79' lang='grc' dir='ltr'>προσέρχεται,</span> 
     </span>
     <span class='ocr_line' id='line_1_16' title="bbox 604 2170 1094 2242; baseline -0.008 -16"><span class='ocrx_word' id='word_1_113' title='bbox 604 2175 767 2240; x_wconf 75' lang='grc' dir='ltr'>προσὲὅαλεν,</span> <span class='ocrx_word' id='word_1_114' title='bbox 781 2170 909 2242; x_wconf 78' lang='grc' dir='ltr'>ἓξίρριψεν,</span> <span class='ocrx_word' id='word_1_115' title='bbox 925 2170 984 2226; x_wconf 75' lang='grc' dir='ltr'>αἰὼν</span> <span class='ocrx_word' id='word_1_116' title='bbox 996 2177 1094 2240; x_wconf 88' lang='grc' dir='ltr'>γίνεται.</span> 
     </span>
    </p>

    <p class='ocr_par' dir='ltr' id='par_1_7' title="bbox 604 2249 1202 2322">
     <span class='ocr_line' id='line_1_17' title="bbox 604 2249 1202 2322; baseline -0.002 -18"><span class='ocrx_word' id='word_1_117' title='bbox 604 2253 673 2305; x_wconf 85' lang='grc' dir='ltr'>Ἀλλ’</span> <span class='ocrx_word' id='word_1_118' title='bbox 688 2249 713 2304; x_wconf 77' lang='grc' dir='ltr'>ἓν</span> <span class='ocrx_word' id='word_1_119' title='bbox 727 2256 828 2320; x_wconf 77' lang='grc' dir='ltr'>πελάγει</span> <span class='ocrx_word' id='word_1_120' title='bbox 840 2256 996 2322; x_wconf 81' lang='grc' dir='ltr'>συγλυσμὸς;</span> <span class='ocrx_word' id='word_1_121' title='bbox 1013 2251 1136 2318; x_wconf 76' lang='grc' dir='ltr'>ἀναπνοὴν</span> <span class='ocrx_word' id='word_1_122' title='bbox 1151 2255 1202 2320; x_wconf 73' lang='grc' dir='ltr'>ἔχει</span> 
     </span>
    </p>

    <p class='ocr_par' dir='ltr' id='par_1_8' title="bbox 602 2331 1266 2563">
     <span class='ocr_line' id='line_1_18' title="bbox 603 2331 1266 2403; baseline -0.005 -16"><span class='ocrx_word' id='word_1_123' title='bbox 603 2355 614 2377; x_wconf 74' lang='lat' dir='ltr'>o</span> <span class='ocrx_word' id='word_1_124' title='bbox 632 2340 678 2387; x_wconf 71' lang='grc' dir='ltr'>Ζεῦ</span> <span class='ocrx_word' id='word_1_125' title='bbox 689 2344 766 2403; x_wconf 84' lang='grc' dir='ltr'>σῶτερ</span> <span class='ocrx_word' id='word_1_126' title='bbox 780 2355 802 2396; x_wconf 84' lang='grc' dir='ltr'>ν,</span> <span class='ocrx_word' id='word_1_127' title='bbox 816 2331 899 2396; x_wconf 74' lang='grc' dir='ltr'>εἰπεῖν,</span> <span class='ocrx_word' id='word_1_128' title='bbox 919 2332 1045 2402; x_wconf 76' lang='grc' dir='ltr'>«ἀντέχου</span> <span class='ocrx_word' id='word_1_129' title='bbox 1060 2344 1107 2386; x_wconf 83' lang='grc' dir='ltr'>τῶν</span> <span class='ocrx_word' id='word_1_130' title='bbox 1122 2335 1235 2402; x_wconf 81' lang='grc' dir='ltr'>σχοινίων</span> <span class='ocrx_word' id='word_1_131' title='bbox 1245 2355 1266 2392; x_wconf 81' lang='lat' dir='ltr'>o,</span> 
     </span>
     <span class='ocr_line' id='line_1_19' title="bbox 604 2415 1168 2483; baseline 0 -17"><span class='ocrx_word' id='word_1_132' title='bbox 604 2415 687 2482; x_wconf 78' lang='grc' dir='ltr'>ἑτέραν</span> <span class='ocrx_word' id='word_1_133' title='bbox 702 2425 833 2481; x_wconf 84' lang='grc' dir='ltr'>περιμεῖναι</span> <span class='ocrx_word' id='word_1_134' title='bbox 848 2418 955 2483; x_wconf 80' lang='grc' dir='ltr'>χάτέραν</span> <span class='ocrx_word' id='word_1_135' title='bbox 969 2417 1102 2483; x_wconf 83' lang='grc' dir='ltr'>τρικυμίαν</span> <span class='ocrx_word' id='word_1_136' title='bbox 1167 2463 1168 2466; x_wconf 75' lang='grc'>,</span> 
     </span>
     <span class='ocr_line' id='line_1_20' title="bbox 602 2493 1116 2563; baseline 0.008 -19"><span class='ocrx_word' id='word_1_137' title='bbox 602 2496 720 2559; x_wconf 78' lang='grc' dir='ltr'>ναυαγίου</span> <span class='ocrx_word' id='word_1_138' title='bbox 735 2499 754 2546; x_wconf 83' lang='grc' dir='ltr'>δ’</span> <span class='ocrx_word' id='word_1_139' title='bbox 769 2495 798 2548; x_wconf 85' lang='grc' dir='ltr'>ἂν</span> <span class='ocrx_word' id='word_1_140' title='bbox 813 2493 941 2563; x_wconf 75' lang='grc' dir='ltr'>ἔπιλοίβοί·</span> <span class='ocrx_word' id='word_1_141' title='bbox 955 2493 1004 2562; x_wconf 80' lang='grc' dir='ltr'>ἐγὼ</span> <span class='ocrx_word' id='word_1_142' title='bbox 1018 2499 1037 2547; x_wconf 82' lang='grc' dir='ltr'>δΙ</span> <span class='ocrx_word' id='word_1_143' title='bbox 1052 2494 1116 2554; x_wconf 76' lang='grc' dir='ltr'>ἅπαξ</span> 
     </span>
    </p>

    <p class='ocr_par' dir='ltr' id='par_1_9' title="bbox 605 2572 1089 2644">
     <span class='ocr_line' id='line_1_21' title="bbox 605 2572 1089 2644; baseline -0.002 -17"><span class='ocrx_word' id='word_1_144' title='bbox 605 2577 728 2642; x_wconf 73' lang='grc' dir='ltr'>ἁψάμενός</span> <span class='ocrx_word' id='word_1_145' title='bbox 744 2572 792 2643; x_wconf 85' lang='grc' dir='ltr'>εἶμι</span> <span class='ocrx_word' id='word_1_146' title='bbox 801 2585 843 2629; x_wconf 83' lang='grc' dir='ltr'>καὶ</span> <span class='ocrx_word' id='word_1_147' title='bbox 858 2576 960 2644; x_wconf 83' lang='grc' dir='ltr'>φιλήσας</span> <span class='ocrx_word' id='word_1_148' title='bbox 976 2575 1001 2630; x_wconf 82' lang='grc' dir='ltr'>ἐν</span> <span class='ocrx_word' id='word_1_149' title='bbox 1017 2581 1089 2644; x_wconf 82' lang='grc' dir='ltr'>βυθῷ.</span> 
     </span>
    </p>
   </div>
   <div class='ocr_carea' id='block_1_5' title="bbox 575 2691 1434 2757">
    <p class='ocr_par' dir='ltr' id='par_1_10' title="bbox 575 2691 1434 2757">
     <span class='ocr_line' id='line_1_22' title="bbox 575 2691 1434 2757; baseline -0.001 -17"><span class='ocrx_word' id='word_1_150' title='bbox 575 2693 704 2752; x_wconf 83' lang='lat' dir='ltr'>(Mainake,</span> <span class='ocrx_word' id='word_1_151' title='bbox 722 2693 852 2744; x_wconf 82' lang='lat' dir='ltr'>Menundri</span> <span class='ocrx_word' id='word_1_152' title='bbox 868 2695 1022 2745; x_wconf 83' lang='lat' dir='ltr'>incertorum</span> <span class='ocrx_word' id='word_1_153' title='bbox 1036 2692 1180 2757; x_wconf 75' lang='lat' dir='ltr'>fabularum</span> <span class='ocrx_word' id='word_1_154' title='bbox 1196 2691 1355 2755; x_wconf 67' lang='lat' dir='ltr'>decremento,</span> <span class='ocrx_word' id='word_1_155' title='bbox 1373 2691 1434 2754; x_wconf 88' lang='lat' dir='ltr'>llll.)</span> 
     </span>
    </p>
   </div>
   <div class='ocr_carea' id='block_1_6' title="bbox 451 2853 1520 4287">
    <p class='ocr_par' dir='ltr' id='par_1_11' title="bbox 451 2853 1517 3079">
     <span class='ocr_line' id='line_1_23' title="bbox 483 2853 1516 2916; baseline 0 -15"><span class='ocrx_word' id='word_1_156' title='bbox 483 2853 527 2902; x_wconf 86' lang='lat' dir='ltr'>llio</span> <span class='ocrx_word' id='word_1_157' title='bbox 543 2867 572 2902; x_wconf 88' lang='lat' dir='ltr'>ex</span> <span class='ocrx_word' id='word_1_158' title='bbox 588 2855 682 2904; x_wconf 88' lang='lat' dir='ltr'>ineerta</span> <span class='ocrx_word' id='word_1_159' title='bbox 697 2855 780 2906; x_wconf 78' lang='lat' dir='ltr'>fabula</span> <span class='ocrx_word' id='word_1_160' title='bbox 799 2861 824 2906; x_wconf 85' lang='lat' dir='ltr'>et</span> <span class='ocrx_word' id='word_1_161' title='bbox 843 2857 896 2906; x_wconf 90' lang='lat' dir='ltr'>sine</span> <span class='ocrx_word' id='word_1_162' title='bbox 911 2860 1010 2908; x_wconf 88' lang='lat' dir='ltr'>nomine</span> <span class='ocrx_word' id='word_1_163' title='bbox 1031 2860 1132 2916; x_wconf 88' lang='lat' dir='ltr'>amator,</span> <span class='ocrx_word' id='word_1_164' title='bbox 1150 2861 1199 2904; x_wconf 84' lang='lat' dir='ltr'>lam</span> <span class='ocrx_word' id='word_1_165' title='bbox 1221 2855 1293 2905; x_wconf 87' lang='lat' dir='ltr'>aride</span> <span class='ocrx_word' id='word_1_166' title='bbox 1316 2856 1425 2904; x_wconf 89' lang='lat' dir='ltr'>subitum</span> <span class='ocrx_word' id='word_1_167' title='bbox 1450 2869 1516 2902; x_wconf 89' lang='lat' dir='ltr'>amo-</span> 
     </span>
     <span class='ocr_line' id='line_1_24' title="bbox 453 2935 1517 3008; baseline 0.002 -28"><span class='ocrx_word' id='word_1_168' title='bbox 453 2947 504 2984; x_wconf 89' lang='lat' dir='ltr'>rem</span> <span class='ocrx_word' id='word_1_169' title='bbox 523 2935 614 2996; x_wconf 88' lang='lat' dir='ltr'>haurit,</span> <span class='ocrx_word' id='word_1_170' title='bbox 639 2939 664 2984; x_wconf 85' lang='lat' dir='ltr'>el</span> <span class='ocrx_word' id='word_1_171' title='bbox 690 2939 754 2985; x_wconf 88' lang='lat' dir='ltr'>tanta</span> <span class='ocrx_word' id='word_1_172' title='bbox 783 2950 838 2987; x_wconf 90' lang='lat' dir='ltr'>eum</span> <span class='ocrx_word' id='word_1_173' title='bbox 855 2938 1008 3002; x_wconf 81' lang='lat' dir='ltr'>jucunditate</span> <span class='ocrx_word' id='word_1_174' title='bbox 1031 2951 1086 2986; x_wconf 89' lang='lat' dir='ltr'>suos</span> <span class='ocrx_word' id='word_1_175' title='bbox 1106 2949 1191 3008; x_wconf 71' lang='lat' dir='ltr'>sensus</span> <span class='ocrx_word' id='word_1_176' title='bbox 1214 2937 1296 2996; x_wconf 81' lang='lat' dir='ltr'>effert,</span> <span class='ocrx_word' id='word_1_177' title='bbox 1321 2939 1347 2986; x_wconf 87' lang='lat' dir='ltr'>ul</span> <span class='ocrx_word' id='word_1_178' title='bbox 1365 2936 1517 2984; x_wconf 83' lang='lat' dir='ltr'>tereeredas</span> 
     </span>
     <span class='ocr_line' id='line_1_25' title="bbox 451 3015 1295 3079; baseline 0.005 -17"><span class='ocrx_word' id='word_1_179' title='bbox 451 3016 483 3062; x_wconf 91' lang='lat' dir='ltr'>ad</span> <span class='ocrx_word' id='word_1_180' title='bbox 496 3015 549 3078; x_wconf 89' lang='lat' dir='ltr'>ejus</span> <span class='ocrx_word' id='word_1_181' title='bbox 562 3018 685 3079; x_wconf 85' lang='lat' dir='ltr'>exemplar</span> <span class='ocrx_word' id='word_1_182' title='bbox 695 3020 834 3067; x_wconf 85' lang='lat' dir='ltr'>Terentium</span> <span class='ocrx_word' id='word_1_183' title='bbox 850 3020 876 3067; x_wconf 91' lang='lat' dir='ltr'>in</span> <span class='ocrx_word' id='word_1_184' title='bbox 889 3019 1007 3070; x_wconf 70' lang='lat' dir='ltr'>uotiuum</span> <span class='ocrx_word' id='word_1_185' title='bbox 1020 3021 1147 3068; x_wconf 74' lang='lat' dir='ltr'>Cliteream</span> <span class='ocrx_word' id='word_1_186' title='bbox 1161 3017 1295 3068; x_wconf 80' lang='lat' dir='ltr'>effinxisse.</span> 
     </span>
    </p>

    <p class='ocr_par' dir='ltr' id='par_1_12' title="bbox 451 3096 1520 4287">
     <span class='ocr_line' id='line_1_26' title="bbox 483 3096 1516 3162; baseline 0.002 -18"><span class='ocrx_word' id='word_1_187' title='bbox 483 3096 551 3144; x_wconf 80' lang='lat' dir='ltr'>Alius</span> <span class='ocrx_word' id='word_1_188' title='bbox 573 3103 611 3145; x_wconf 88' lang='lat' dir='ltr'>est</span> <span class='ocrx_word' id='word_1_189' title='bbox 633 3111 647 3146; x_wconf 89' lang='lat' dir='ltr'>a</span> <span class='ocrx_word' id='word_1_190' title='bbox 666 3099 798 3150; x_wconf 87' lang='lat' dir='ltr'>Menandro</span> <span class='ocrx_word' id='word_1_191' title='bbox 824 3100 936 3150; x_wconf 85' lang='lat' dir='ltr'>inventus</span> <span class='ocrx_word' id='word_1_192' title='bbox 955 3101 1106 3160; x_wconf 84' lang='lat' dir='ltr'>adolescens,</span> <span class='ocrx_word' id='word_1_193' title='bbox 1122 3099 1200 3162; x_wconf 87' lang='lat' dir='ltr'>eujus,</span> <span class='ocrx_word' id='word_1_194' title='bbox 1214 3099 1324 3162; x_wconf 82' lang='lat' dir='ltr'>quamvis</span> <span class='ocrx_word' id='word_1_195' title='bbox 1344 3098 1439 3146; x_wconf 90' lang='lat' dir='ltr'>nullum</span> <span class='ocrx_word' id='word_1_196' title='bbox 1459 3110 1516 3147; x_wconf 83' lang='lat' dir='ltr'>var-</span> 
     </span>
     <span class='ocr_line' id='line_1_27' title="bbox 451 3175 1517 3243; baseline 0.003 -21"><span class='ocrx_word' id='word_1_197' title='bbox 451 3175 509 3223; x_wconf 86' lang='lat' dir='ltr'>bum</span> <span class='ocrx_word' id='word_1_198' title='bbox 528 3179 617 3237; x_wconf 86' lang='lat' dir='ltr'>exstet,</span> <span class='ocrx_word' id='word_1_199' title='bbox 634 3192 728 3226; x_wconf 89' lang='lat' dir='ltr'>amores</span> <span class='ocrx_word' id='word_1_200' title='bbox 751 3181 840 3239; x_wconf 87' lang='lat' dir='ltr'>tamen,</span> <span class='ocrx_word' id='word_1_201' title='bbox 856 3181 943 3229; x_wconf 81' lang='lat' dir='ltr'>llonati</span> <span class='ocrx_word' id='word_1_202' title='bbox 960 3180 1047 3243; x_wconf 80' lang='lat' dir='ltr'>gralia,</span> <span class='ocrx_word' id='word_1_203' title='bbox 1068 3193 1116 3228; x_wconf 91' lang='lat' dir='ltr'>uon</span> <span class='ocrx_word' id='word_1_204' title='bbox 1136 3178 1180 3229; x_wconf 89' lang='lat' dir='ltr'>toti</span> <span class='ocrx_word' id='word_1_205' title='bbox 1201 3179 1303 3240; x_wconf 85' lang='lat' dir='ltr'>periere.</span> <span class='ocrx_word' id='word_1_206' title='bbox 1329 3178 1406 3237; x_wconf 87' lang='lat' dir='ltr'>Quem</span> <span class='ocrx_word' id='word_1_207' title='bbox 1423 3177 1517 3226; x_wconf 83' lang='lat' dir='ltr'>utinam</span> 
     </span>
     <span class='ocr_line' id='line_1_28' title="bbox 452 3255 1518 3322; baseline 0.002 -19"><span class='ocrx_word' id='word_1_208' title='bbox 452 3255 555 3305; x_wconf 86' lang='lat' dir='ltr'>Luscius</span> <span class='ocrx_word' id='word_1_209' title='bbox 579 3258 694 3308; x_wconf 85' lang='lat' dir='ltr'>Lavinius</span> <span class='ocrx_word' id='word_1_210' title='bbox 714 3261 832 3309; x_wconf 85' lang='lat' dir='ltr'>intactum</span> <span class='ocrx_word' id='word_1_211' title='bbox 850 3261 1003 3322; x_wconf 87' lang='lat' dir='ltr'>reliquisset,</span> <span class='ocrx_word' id='word_1_212' title='bbox 1019 3266 1044 3309; x_wconf 87' lang='lat' dir='ltr'>et</span> <span class='ocrx_word' id='word_1_213' title='bbox 1068 3260 1196 3309; x_wconf 86' lang='lat' dir='ltr'>Terentius</span> <span class='ocrx_word' id='word_1_214' title='bbox 1218 3273 1288 3308; x_wconf 91' lang='lat' dir='ltr'>suum</span> <span class='ocrx_word' id='word_1_215' title='bbox 1316 3259 1398 3306; x_wconf 82' lang='lat' dir='ltr'>faeere</span> <span class='ocrx_word' id='word_1_216' title='bbox 1422 3258 1518 3319; x_wconf 88' lang='lat' dir='ltr'>potuis-</span> 
     </span>
     <span class='ocr_line' id='line_1_29' title="bbox 453 3336 1518 3404; baseline 0.003 -21"><span class='ocrx_word' id='word_1_217' title='bbox 453 3336 506 3384; x_wconf 89' lang='lat' dir='ltr'>set!</span> <span class='ocrx_word' id='word_1_218' title='bbox 524 3337 608 3386; x_wconf 86' lang='lat' dir='ltr'>Nullus</span> <span class='ocrx_word' id='word_1_219' title='bbox 628 3339 694 3388; x_wconf 87' lang='lat' dir='ltr'>enirn</span> <span class='ocrx_word' id='word_1_220' title='bbox 713 3341 812 3404; x_wconf 77' lang='lat' dir='ltr'>dignior</span> <span class='ocrx_word' id='word_1_221' title='bbox 836 3345 888 3391; x_wconf 85' lang='lat' dir='ltr'>erat</span> <span class='ocrx_word' id='word_1_222' title='bbox 907 3341 949 3402; x_wconf 86' lang='lat' dir='ltr'>qui</span> <span class='ocrx_word' id='word_1_223' title='bbox 969 3342 1074 3404; x_wconf 85' lang='lat' dir='ltr'>Terentii</span> <span class='ocrx_word' id='word_1_224' title='bbox 1096 3343 1226 3390; x_wconf 85' lang='lat' dir='ltr'>venustum</span> <span class='ocrx_word' id='word_1_225' title='bbox 1243 3339 1372 3402; x_wconf 81' lang='lat' dir='ltr'>ingenium</span> <span class='ocrx_word' id='word_1_226' title='bbox 1394 3338 1518 3395; x_wconf 86' lang='lat' dir='ltr'>invitarat,</span> 
     </span>
     <span class='ocr_line' id='line_1_30' title="bbox 454 3415 1519 3484; baseline 0.002 -21"><span class='ocrx_word' id='word_1_227' title='bbox 454 3415 488 3464; x_wconf 88' lang='lat' dir='ltr'>ita</span> <span class='ocrx_word' id='word_1_228' title='bbox 512 3417 615 3466; x_wconf 89' lang='lat' dir='ltr'>exirdios</span> <span class='ocrx_word' id='word_1_229' title='bbox 644 3421 740 3482; x_wconf 88' lang='lat' dir='ltr'>lepores</span> <span class='ocrx_word' id='word_1_230' title='bbox 766 3433 816 3484; x_wconf 80' lang='lat' dir='ltr'>prae</span> <span class='ocrx_word' id='word_1_231' title='bbox 846 3435 872 3470; x_wconf 91' lang='lat' dir='ltr'>se</span> <span class='ocrx_word' id='word_1_232' title='bbox 902 3421 959 3480; x_wconf 79' lang='lat' dir='ltr'>fert,</span> <span class='ocrx_word' id='word_1_233' title='bbox 977 3421 1011 3470; x_wconf 90' lang='lat' dir='ltr'>ita</span> <span class='ocrx_word' id='word_1_234' title='bbox 1037 3421 1131 3469; x_wconf 87' lang='lat' dir='ltr'>vividos</span> <span class='ocrx_word' id='word_1_235' title='bbox 1160 3420 1232 3468; x_wconf 87' lang='lat' dir='ltr'>simul</span> <span class='ocrx_word' id='word_1_236' title='bbox 1257 3423 1281 3468; x_wconf 83' lang='lat' dir='ltr'>el</span> <span class='ocrx_word' id='word_1_237' title='bbox 1309 3417 1418 3467; x_wconf 78' lang='lat' dir='ltr'>suaviter</span> <span class='ocrx_word' id='word_1_238' title='bbox 1433 3432 1519 3466; x_wconf 89' lang='lat' dir='ltr'>reoon·</span> 
     </span>
     <span class='ocr_line' id='line_1_31' title="bbox 454 3494 1518 3562; baseline 0.005 -19"><span class='ocrx_word' id='word_1_239' title='bbox 454 3494 518 3545; x_wconf 88' lang='lat' dir='ltr'>ditos</span> <span class='ocrx_word' id='word_1_240' title='bbox 541 3511 636 3548; x_wconf 89' lang='lat' dir='ltr'>amores</span> <span class='ocrx_word' id='word_1_241' title='bbox 658 3499 736 3550; x_wconf 84' lang='lat' dir='ltr'>fovet!</span> <span class='ocrx_word' id='word_1_242' title='bbox 770 3502 827 3550; x_wconf 77' lang='lat' dir='ltr'>llaec</span> <span class='ocrx_word' id='word_1_243' title='bbox 849 3505 886 3551; x_wconf 87' lang='lat' dir='ltr'>est</span> <span class='ocrx_word' id='word_1_244' title='bbox 909 3501 1004 3551; x_wconf 85' lang='lat' dir='ltr'>brevior</span> <span class='ocrx_word' id='word_1_245' title='bbox 1023 3501 1124 3558; x_wconf 87' lang='lat' dir='ltr'>mentio,</span> <span class='ocrx_word' id='word_1_246' title='bbox 1154 3514 1226 3562; x_wconf 81' lang='lat' dir='ltr'>quarn</span> <span class='ocrx_word' id='word_1_247' title='bbox 1249 3500 1405 3548; x_wconf 78' lang='lat' dir='ltr'>Menandreae</span> <span class='ocrx_word' id='word_1_248' title='bbox 1428 3499 1518 3548; x_wconf 83' lang='lat' dir='ltr'>rabulae</span> 
     </span>
     <span class='ocr_line' id='line_1_32' title="bbox 455 3576 1519 3648; baseline 0.004 -25"><span class='ocrx_word' id='word_1_249' title='bbox 455 3576 562 3628; x_wconf 84' lang='lat' dir='ltr'>Donatus</span> <span class='ocrx_word' id='word_1_250' title='bbox 576 3579 653 3630; x_wconf 83' lang='lat' dir='ltr'>iaeil:</span> <span class='ocrx_word' id='word_1_251' title='bbox 674 3599 683 3627; x_wconf 87' lang='lat' dir='ltr'>u</span> <span class='ocrx_word' id='word_1_252' title='bbox 702 3582 809 3634; x_wconf 80' lang='lat' dir='ltr'>Plomma</span> <span class='ocrx_word' id='word_1_253' title='bbox 829 3595 917 3631; x_wconf 91' lang='lat' dir='ltr'>nomen</span> <span class='ocrx_word' id='word_1_254' title='bbox 940 3585 978 3632; x_wconf 90' lang='lat' dir='ltr'>est</span> <span class='ocrx_word' id='word_1_255' title='bbox 998 3582 1089 3648; x_wconf 66' lang='lat' dir='ltr'>tabulae</span> <span class='ocrx_word' id='word_1_256' title='bbox 1105 3581 1243 3640; x_wconf 84' lang='lat' dir='ltr'>Menandri,</span> <span class='ocrx_word' id='word_1_257' title='bbox 1258 3581 1284 3629; x_wconf 93' lang='lat' dir='ltr'>in</span> <span class='ocrx_word' id='word_1_258' title='bbox 1297 3593 1346 3642; x_wconf 84' lang='lat' dir='ltr'>qua</span> <span class='ocrx_word' id='word_1_259' title='bbox 1359 3592 1463 3628; x_wconf 87' lang='lat' dir='ltr'>noverea</span> <span class='ocrx_word' id='word_1_260' title='bbox 1477 3593 1519 3628; x_wconf 87' lang='lat' dir='ltr'>su-</span> 
     </span>
     <span class='ocr_line' id='line_1_33' title="bbox 454 3661 1518 3728; baseline -0.004 -16"><span class='ocrx_word' id='word_1_261' title='bbox 454 3664 571 3726; x_wconf 84' lang='lat' dir='ltr'>perducta</span> <span class='ocrx_word' id='word_1_262' title='bbox 587 3662 745 3723; x_wconf 86' lang='lat' dir='ltr'>adolescenti,</span> <span class='ocrx_word' id='word_1_263' title='bbox 761 3664 890 3728; x_wconf 74' lang='lat' dir='ltr'>uirginem,</span> <span class='ocrx_word' id='word_1_264' title='bbox 904 3677 977 3726; x_wconf 84' lang='lat' dir='ltr'>quam</span> <span class='ocrx_word' id='word_1_265' title='bbox 989 3677 1019 3713; x_wconf 91' lang='lat' dir='ltr'>ex</span> <span class='ocrx_word' id='word_1_266' title='bbox 1036 3663 1117 3712; x_wconf 88' lang='lat' dir='ltr'>vieino</span> <span class='ocrx_word' id='word_1_267' title='bbox 1137 3663 1243 3726; x_wconf 89' lang='lat' dir='ltr'>quodam</span> <span class='ocrx_word' id='word_1_268' title='bbox 1265 3664 1421 3722; x_wconf 84' lang='lat' dir='ltr'>conceperat,</span> <span class='ocrx_word' id='word_1_269' title='bbox 1435 3661 1518 3710; x_wconf 79' lang='lat' dir='ltr'>stortim</span> 
     </span>
     <span class='ocr_line' id='line_1_34' title="bbox 455 3743 1519 3808; baseline -0.004 -14"><span class='ocrx_word' id='word_1_270' title='bbox 455 3745 570 3794; x_wconf 81' lang='lat' dir='ltr'>edoctam</span> <span class='ocrx_word' id='word_1_271' title='bbox 586 3757 660 3806; x_wconf 89' lang='lat' dir='ltr'>quum</span> <span class='ocrx_word' id='word_1_272' title='bbox 671 3745 773 3794; x_wconf 86' lang='lat' dir='ltr'>haberet</span> <span class='ocrx_word' id='word_1_273' title='bbox 783 3745 810 3794; x_wconf 92' lang='lat' dir='ltr'>in</span> <span class='ocrx_word' id='word_1_274' title='bbox 821 3745 921 3795; x_wconf 88' lang='lat' dir='ltr'>latebris</span> <span class='ocrx_word' id='word_1_275' title='bbox 933 3745 997 3807; x_wconf 91' lang='lat' dir='ltr'>apud</span> <span class='ocrx_word' id='word_1_276' title='bbox 1008 3744 1114 3794; x_wconf 85' lang='lat' dir='ltr'>vicinum</span> <span class='ocrx_word' id='word_1_277' title='bbox 1126 3743 1272 3805; x_wconf 85' lang='lat' dir='ltr'>proximum,</span> <span class='ocrx_word' id='word_1_278' title='bbox 1289 3743 1336 3790; x_wconf 89' lang='lat' dir='ltr'>lroe</span> <span class='ocrx_word' id='word_1_279' title='bbox 1350 3743 1422 3790; x_wconf 92' lang='lat' dir='ltr'>modo</span> <span class='ocrx_word' id='word_1_280' title='bbox 1437 3755 1519 3808; x_wconf 76' lang='lat' dir='ltr'>seeum</span> 
     </span>
     <span class='ocr_line' id='line_1_35' title="bbox 456 3823 1518 3887; baseline -0.003 -13"><span class='ocrx_word' id='word_1_281' title='bbox 456 3825 562 3874; x_wconf 87' lang='lat' dir='ltr'>habebat</span> <span class='ocrx_word' id='word_1_282' title='bbox 578 3825 685 3885; x_wconf 88' lang='lat' dir='ltr'>assiduo,</span> <span class='ocrx_word' id='word_1_283' title='bbox 699 3827 765 3874; x_wconf 88' lang='lat' dir='ltr'>nullo</span> <span class='ocrx_word' id='word_1_284' title='bbox 779 3825 886 3875; x_wconf 85' lang='lat' dir='ltr'>conscio.</span> <span class='ocrx_word' id='word_1_285' title='bbox 900 3825 1027 3882; x_wconf 70' lang='lat' dir='ltr'>danielem,</span> <span class='ocrx_word' id='word_1_286' title='bbox 1042 3825 1084 3886; x_wconf 86' lang='lat' dir='ltr'>qui</span> <span class='ocrx_word' id='word_1_287' title='bbox 1099 3825 1195 3887; x_wconf 80' lang='lat' dir='ltr'>medius</span> <span class='ocrx_word' id='word_1_288' title='bbox 1209 3825 1274 3872; x_wconf 84' lang='lat' dir='ltr'>inter</span> <span class='ocrx_word' id='word_1_289' title='bbox 1284 3824 1383 3871; x_wconf 93' lang='lat' dir='ltr'>domum</span> <span class='ocrx_word' id='word_1_290' title='bbox 1392 3823 1481 3872; x_wconf 83' lang='lat' dir='ltr'>matris</span> <span class='ocrx_word' id='word_1_291' title='bbox 1491 3837 1518 3871; x_wconf 89' lang='lat' dir='ltr'>ao</span> 
     </span>
     <span class='ocr_line' id='line_1_36' title="bbox 457 3903 1518 3968; baseline 0 -16"><span class='ocrx_word' id='word_1_292' title='bbox 457 3905 531 3953; x_wconf 92' lang='lat' dir='ltr'>vieini</span> <span class='ocrx_word' id='word_1_293' title='bbox 549 3906 636 3960; x_wconf 85' lang='lat' dir='ltr'>luerat,</span> <span class='ocrx_word' id='word_1_294' title='bbox 654 3905 688 3954; x_wconf 90' lang='lat' dir='ltr'>ita</span> <span class='ocrx_word' id='word_1_295' title='bbox 700 3905 815 3966; x_wconf 79' lang='lat' dir='ltr'>perfodit,</span> <span class='ocrx_word' id='word_1_296' title='bbox 834 3905 899 3954; x_wconf 85' lang='lat' dir='ltr'>utin</span> <span class='ocrx_word' id='word_1_297' title='bbox 915 3906 968 3968; x_wconf 90' lang='lat' dir='ltr'>ipso</span> <span class='ocrx_word' id='word_1_298' title='bbox 985 3905 1090 3954; x_wconf 83' lang='lat' dir='ltr'>transitu</span> <span class='ocrx_word' id='word_1_299' title='bbox 1104 3918 1201 3954; x_wconf 86' lang='lat' dir='ltr'>sacrum</span> <span class='ocrx_word' id='word_1_300' title='bbox 1219 3904 1299 3952; x_wconf 88' lang='lat' dir='ltr'>locum</span> <span class='ocrx_word' id='word_1_301' title='bbox 1313 3917 1368 3952; x_wconf 88' lang='lat' dir='ltr'>esse</span> <span class='ocrx_word' id='word_1_302' title='bbox 1384 3903 1518 3952; x_wconf 87' lang='lat' dir='ltr'>simularet.</span> 
     </span>
     <span class='ocr_line' id='line_1_37' title="bbox 458 3983 1518 4046; baseline -0.004 -12"><span class='ocrx_word' id='word_1_303' title='bbox 458 3987 585 4046; x_wconf 83' lang='lat' dir='ltr'>Quumque</span> <span class='ocrx_word' id='word_1_304' title='bbox 617 3985 746 4034; x_wconf 90' lang='lat' dir='ltr'>transitum</span> <span class='ocrx_word' id='word_1_305' title='bbox 777 3987 917 4036; x_wconf 85' lang='lat' dir='ltr'>intenderet</span> <span class='ocrx_word' id='word_1_306' title='bbox 944 3987 1015 4034; x_wconf 87' lang='lat' dir='ltr'>sertis</span> <span class='ocrx_word' id='word_1_307' title='bbox 1046 3999 1074 4034; x_wconf 87' lang='lat' dir='ltr'>ae</span> <span class='ocrx_word' id='word_1_308' title='bbox 1103 3985 1190 4034; x_wconf 81' lang='lat' dir='ltr'>fronde</span> <span class='ocrx_word' id='word_1_309' title='bbox 1215 3983 1298 4044; x_wconf 83' lang='lat' dir='ltr'>felici,</span> <span class='ocrx_word' id='word_1_310' title='bbox 1329 3997 1384 4032; x_wconf 86' lang='lat' dir='ltr'>rem</span> <span class='ocrx_word' id='word_1_311' title='bbox 1412 3983 1518 4032; x_wconf 86' lang='lat' dir='ltr'>divinam</span> 
     </span>
     <span class='ocr_line' id='line_1_38' title="bbox 459 4063 1520 4130; baseline -0.004 -16"><span class='ocrx_word' id='word_1_312' title='bbox 459 4079 524 4127; x_wconf 74' lang='lat' dir='ltr'>saepe</span> <span class='ocrx_word' id='word_1_313' title='bbox 538 4066 632 4114; x_wconf 82' lang='lat' dir='ltr'>taciens</span> <span class='ocrx_word' id='word_1_314' title='bbox 648 4067 764 4114; x_wconf 81' lang='lat' dir='ltr'>evocabat</span> <span class='ocrx_word' id='word_1_315' title='bbox 779 4067 810 4114; x_wconf 88' lang='lat' dir='ltr'>ad</span> <span class='ocrx_word' id='word_1_316' title='bbox 825 4081 850 4116; x_wconf 86' lang='lat' dir='ltr'>so</span> <span class='ocrx_word' id='word_1_317' title='bbox 865 4066 991 4130; x_wconf 77' lang='lat' dir='ltr'>virginem.</span> <span class='ocrx_word' id='word_1_318' title='bbox 1016 4067 1085 4125; x_wconf 85' lang='lat' dir='ltr'>Quod</span> <span class='ocrx_word' id='word_1_319' title='bbox 1105 4079 1181 4126; x_wconf 86' lang='lat' dir='ltr'>quum</span> <span class='ocrx_word' id='word_1_320' title='bbox 1195 4063 1411 4113; x_wconf 84' lang='lat' dir='ltr'>animadvertisset</span> <span class='ocrx_word' id='word_1_321' title='bbox 1424 4064 1520 4112; x_wconf 90' lang='lat' dir='ltr'>adoles-</span> 
     </span>
     <span class='ocr_line' id='line_1_39' title="bbox 459 4143 1520 4210; baseline -0.004 -16"><span class='ocrx_word' id='word_1_322' title='bbox 459 4160 531 4204; x_wconf 87' lang='lat' dir='ltr'>cens,</span> <span class='ocrx_word' id='word_1_323' title='bbox 556 4147 662 4210; x_wconf 88' lang='lat' dir='ltr'>primum</span> <span class='ocrx_word' id='word_1_324' title='bbox 695 4146 812 4208; x_wconf 81' lang='lat' dir='ltr'>adspectu</span> <span class='ocrx_word' id='word_1_325' title='bbox 836 4147 945 4208; x_wconf 86' lang='lat' dir='ltr'>puleluae</span> <span class='ocrx_word' id='word_1_326' title='bbox 971 4145 1074 4208; x_wconf 80' lang='lat' dir='ltr'>virginis</span> <span class='ocrx_word' id='word_1_327' title='bbox 1097 4147 1166 4195; x_wconf 87' lang='lat' dir='ltr'>velut</span> <span class='ocrx_word' id='word_1_328' title='bbox 1187 4144 1300 4194; x_wconf 91' lang='lat' dir='ltr'>numinis</span> <span class='ocrx_word' id='word_1_329' title='bbox 1321 4145 1375 4192; x_wconf 87' lang='lat' dir='ltr'>visu</span> <span class='ocrx_word' id='word_1_330' title='bbox 1394 4143 1520 4207; x_wconf 80' lang='lat' dir='ltr'>perculsus</span> 
     </span>
     <span class='ocr_line' id='line_1_40' title="bbox 460 4211 1520 4287; baseline -0.005 -14"><span class='ocrx_word' id='word_1_331' title='bbox 460 4227 601 4285; x_wconf 84' lang='lat' dir='ltr'>exhorruil;</span> <span class='ocrx_word' id='word_1_332' title='bbox 631 4227 694 4274; x_wconf 83' lang='lat' dir='ltr'>unda</span> <span class='ocrx_word' id='word_1_333' title='bbox 719 4211 825 4276; x_wconf 78' lang='lat' dir='ltr'>Phasma</span> <span class='ocrx_word' id='word_1_334' title='bbox 847 4230 884 4275; x_wconf 88' lang='lat' dir='ltr'>est</span> <span class='ocrx_word' id='word_1_335' title='bbox 905 4237 994 4274; x_wconf 87' lang='lat' dir='ltr'>nomen</span> <span class='ocrx_word' id='word_1_336' title='bbox 1015 4226 1112 4275; x_wconf 76' lang='lat' dir='ltr'>fabulae.</span> <span class='ocrx_word' id='word_1_337' title='bbox 1129 4226 1222 4274; x_wconf 84' lang='lat' dir='ltr'>Deinde</span> <span class='ocrx_word' id='word_1_338' title='bbox 1245 4224 1364 4287; x_wconf 89' lang='lat' dir='ltr'>paulatim</span> <span class='ocrx_word' id='word_1_339' title='bbox 1382 4237 1409 4272; x_wconf 90' lang='lat' dir='ltr'>re</span> <span class='ocrx_word' id='word_1_340' title='bbox 1425 4221 1520 4286; x_wconf 63' lang='lat' dir='ltr'>cognita</span> 
     </span>
    </p>
   </div>
   <div class='ocr_carea' id='block_1_7' title="bbox 0 0 1699 5258">
    <p class='ocr_par' dir='ltr' id='par_1_13' title="bbox 0 0 1699 5258">
     <span class='ocr_line' id='line_1_41' title="bbox 0 0 1699 5258; baseline 0 0"><span class='ocrx_word' id='word_1_341' title='bbox 0 0 1699 5258; x_wconf 95' lang='lat' dir='ltr'> </span> 
     </span>
    </p>
   </div>
  </div>
 </body>
</html>
