3330 5258
608 479 766 541 „5r...

151 635 278 686 norum
290 614 487 712 argumenti
498 637 605 714 genus
618 615 1052 714 invenil,quocopidumct
1062 618 1214 694 latreum

151 737 329 812 hominem
348 748 565 814 commoveat
588 765 595 812 :
1176 743 1180 752 '

435 919 639 994 Pamphilamne
656 922 706 978 hac
720 921 789 978 urhe
805 923 907 997 privari
924 923 1018 980 sines?

221 1011 291 1066 Tum
302 1017 435 1085 praetcrea
448 1010 551 1067 horunc
563 1029 685 1068 amorem
697 1011 810 1068 distrahi
822 1015 930 1086 poterin
942 1016 997 1087 poti
1011 1017 1071 1086 (ΙΙΙ

149 1187 223 1258 Non
249 1184 334 1258 alios
361 1207 495 1259 amores
523 1185 633 1260 Clinia
656 1185 687 1257 in
715 1187 1100 1260 Heautontimorumeno
1127 1188 1217 1264 lovel

151 1309 1216 1410 quaminPdoron‘ooodnliphO,dumcastametpaupcrcolam

152 1435 318 1535 virginem
335 1437 469 1532 procaci
483 1444 517 1511 et
533 1436 633 1511 lantae
645 1437 818 1512 meretrici
833 1439 1023 1536 anteponit.
1044 1441 1216 1528 Quamne

151 1562 261 1636 levem
275 1560 413 1659 quidam
431 1563 569 1660 culpam
583 1571 680 1658 pater
693 1563 836 1662 rigidior
845 1573 1032 1671 pateretur,
1047 1565 1105 1640 scd
1123 1587 1217 1662 quo-

151 1687 232 1762 tidie
249 1687 529 1782 reprehenderet,
549 1688 681 1786 pudore
696 1689 816 1781 victus,
837 1690 870 1762 in
894 1690 1008 1764 Asiam
1032 1691 1215 1765 militatum

151 1812 254 1902 obiit;
272 1811 352 1888 indo
367 1822 442 1913 post
464 1821 533 1889 tres
555 1837 690 1890 menses
709 1824 845 1890 exactos
870 1815 1018 1906 redium,
1042 1816 1213 1904 animum,

154 1946 189 2012 ut
205 1949 320 2032 antea,
337 1949 505 2039 aegrotum
522 1939 637 2016 refert.
663 1941 833 2038 Charinus
855 1942 887 2014 io
910 1943 1104 2016 Mercatore
1118 1941 1215 2016 sdnrn

153 2088 288 2162 qnoque
299 2065 461 2157 amicam,
475 2075 512 2140 ot
525 2074 657 2163 patrem
671 2067 797 2141 iratum
815 2068 979 2164 placaret,
997 2067 1213 2151 deseruerat;

152 2203 320 2288 quantum
338 2201 454 2266 autem
470 2193 555 2268 aller
574 2193 617 2266 ah
636 2193 743 2268 altero
759 2192 941 2292 discrepet,
965 2192 1212 2268 animadverto.

152 2315 263 2390 Ambo
272 2317 504 2392 adolescentes
519 2317 660 2394 domum
677 2318 859 2394 redeuntes
867 2341 1003 2416 semper
1014 2327 1147 2408 amant,
1157 2317 1215 2393 sed

152 2441 424 2532 eamdomaltcr,
448 2445 534 2518 alter
555 2444 673 2518 aliam.
700 2445 902 2520 Incredibile
925 2445 1017 2520 enirn
1042 2453 1091 2518 est
1110 2467 1216 2541 quarn

153 2560 252 2642 lacilo
282 2567 454 2642 Charinus
480 2571 607 2644 coelum
639 2579 672 2644 et
700 2571 925 2670 cogitationes
948 2579 1070 2660 motet,
1096 2580 1129 2643 et
1156 2567 1217 2642 hi-
1272 2573 1275 2580 ’

152 2668 215 2766 lari
244 2681 351 2766 'coeno
386 2704 580 2785 recreatus,
613 2696 762 2790 priorem
788 2719 943 2772 amorem
973 2719 1091 2771 amore
1128 2717 1216 2770 noro

152 2820 299 2916 expellat
328 2820 396 2916 (Ι).
419 2820 532 2894 Clinia
555 2829 674 2894 contra
695 2821 745 2896 vel
765 2822 892 2896 exulat
912 2823 1016 2896 miser
1037 2845 1215 2921 nunqnam

154 2945 364 3040 Antiphilam
385 2945 419 3018 in
437 2945 513 3019 sino
535 2954 670 3044 gestare
688 2945 827 3036 destitit,
848 2969 910 3022 nec
925 2947 991 3022 alia
1008 2971 1092 3022 cora
1113 2949 1218 3024 laho-

152 3069 239 3142 ravlt
272 3069 335 3142 nisi
365 3093 407 3145 no
438 3071 575 3144 animus
604 3071 726 3146 amicae
765 3080 918 3146 mutatus
946 3074 1020 3171 jam
1059 3097 1126 3148 non
1154 3098 1215 3149 suo

152 3195 383 3292 responderet.
400 3195 578 3276 Pudicam,
589 3197 794 3294 simplicem,
805 3199 1018 3294 paupertatis
1028 3199 1214 3297 patientem

153 3321 264 3411 norit,
286 3330 319 3396 ct
345 3321 467 3418 quihus
489 3319 671 3396 virtutihus
690 3331 848 3396 ornatam
873 3323 1017 3412 amavit,
1042 3324 1083 3398 iis
1108 3325 1214 3400 desti-

184 3543 217 3606 (Ι)
236 3543 292 3603 Ph,
308 3545 348 3603 ΙΙΙ,
363 3543 385 3592 2.

183 3623 217 3687 (dl
593 3629 655 3676 Dum
670 3627 695 3675 iu
709 3632 780 3692 portu
795 3629 831 3677 illi
846 3628 952 3688 ambulo,

277 3705 373 3766 Hospes
386 3720 424 3754 me
440 3706 537 3767 quidam
552 3705 683 3770 adgnovit;
697 3709 728 3756 ad
741 3722 825 3756 cenam
838 3713 914 3757 vocat.

277 3786 362 3846 Venio,
375 3787 504 3846 decumbo,
518 3793 632 3850 acceptus
645 3789 724 3836 hilaro
738 3795 811 3850 atque
825 3789 946 3852 ampliter.

277 3864 431 3914 Discubitum
443 3872 514 3916 noctu
525 3873 552 3916 ut
564 3869 636 3928 imus,
650 3883 705 3918 cccc
716 3870 747 3918 ad
759 3884 798 3918 me
810 3871 907 3918 advenit

276 3947 371 4006 Mulier,
387 3962 435 4009 qna
447 3949 535 3996 mulier
549 3951 597 3997 alia
613 3951 704 3998 nullast
718 3951 824 4012 pulcrior
838 3967 843 3998 :

277 4029 311 4076 Ea
327 4033 398 4078 nocte
411 4042 505 4077 mecum
518 4030 560 4078 illa
574 4031 677 4093 hospitis
688 4031 759 4094 jussu
774 4032 828 4080 luit.

276 4110 375 4156 llosmot
388 4109 478 4167 videto,
494 4125 566 4170 qnam
580 4110 641 4160 mihi
654 4113 724 4160 valde
737 4113 873 4174 placuerit:

278 4188 396 4237 Postridie
413 4190 531 4251 hospitem
546 4191 615 4248 adeo,
631 4205 674 4240 oro
689 4199 716 4240 ut
730 4195 819 4242 vendat
832 4194 901 4243 mihi.

792 4274 933 4336 (lleroolor,
951 4276 970 4334 1,
986 4275 1021 4336 l.)
