3330 5258
618 461 777 524 ..53-

163 595 336 671 Bacchide
375 595 633 672 consuetudinis
663 595 810 670 incusari
844 619 950 693 quam
981 595 1086 672 fidem
1117 597 1232 673 datam

132 721 283 796 'fallere
313 728 345 796 et
379 720 494 794 uxoris
525 720 655 795 lamam
685 719 834 795 ludibrio
858 719 1005 796 tradere.
1034 723 1083 796 lta
1109 723 1233 799 misere

164 848 368 945 impeditum
395 847 531 944 expedit
555 848 628 945 ipsa
651 847 807 938 Bacchis,
828 867 907 944 quae
930 869 998 922 non
1026 847 1129 924 modo
1152 872 1232 924 eum

163 974 208 1046 ah
225 973 344 1070 iniqua
358 973 551 1071 suspicione
572 973 735 1063 vindicat,
751 972 930 1048 sedetiam
949 981 1042 1048 certa
1057 974 1087 1049 ei
1102 976 1235 1071 praebet

163 1098 888 1196 indiciaquibuscomperlumhabeatsuum
901 1121 1042 1174 vvxnrem
1057 1101 1233 1174 nonaliam

163 1247 237 1299 esse
256 1224 542 1324 quamvirginem
561 1224 645 1299 olim
661 1247 682 1298 a
696 1247 732 1298 se
754 1223 920 1312 vitiatam,
944 1233 978 1299 et
1000 1224 1063 1299 sibi
1086 1249 1232 1323 puerum

161 1349 308 1447 justiore
340 1372 442 1446 quam
475 1349 619 1446 putabat
648 1358 804 1446 tempore
827 1358 942 1424 natum
973 1373 1058 1426 esse.
1085 1352 1233 1426 hllatum

164 1484 237 1549 tarn
252 1482 445 1571 opportune
460 1475 625 1548 auxilium
641 1475 812 1570 meretrici
827 1484 920 1550 certe
932 1475 1026 1550 laudi
1041 1485 1105 1567 est,
1127 1475 1185 1551 sed
1202 1485 1236 1552 el

167 1601 231 1698 ipsi
251 1600 431 1697 Pamphilo
449 1625 457 1674 :
475 1601 604 1698 quippe
620 1600 718 1698 cujus
733 1609 917 1675 venustum
930 1601 1109 1700 ingenium
1124 1603 1236 1678 amica

163 1726 432 1824 senserit‚atque
443 1727 547 1801 etiam
557 1725 692 1802 deserta
703 1735 773 1800 tam
784 1735 882 1824 grato
892 1726 1009 1800 animo
1020 1727 1231 1819 meminerit,

166 1858 204 1922 ut
219 1871 297 1924 eum
313 1848 498 1948 adjuvandi
513 1871 619 1947 quam
632 1849 780 1947 primam
798 1850 1014 1924 occasionem
1033 1850 1232 1948 arripuerit.

165 1979 215 2050 lta
227 1975 412 2051 vehemens
426 1975 502 2074 ejus
515 1999 599 2074 erga
608 1975 828 2072 Pamphilum
842 1975 992 2049 studium
1005 1985 1068 2062 est,
1082 1985 1121 2050 ut
1137 2000 1234 2075 paene

166 2101 351 2176 timeamus
363 2124 406 2176 ne
419 2109 574 2176 servatus
584 2100 782 2176 adolescens
794 2099 1076 2175 bellaeservatrici
1091 2103 1233 2178 nimiam

165 2228 312 2327 gratiam
330 2225 469 2317 relevat,
500 2227 562 2300 nisi
584 2226 733 2302 Terentii
763 2225 937 2325 ingenium
957 2227 1049 2300 circa
1069 2250 1122 2301 res
1143 2228 1234 2326 peri-

166 2353 303 2428 culosas
325 2353 433 2429 soleat
457 2355 601 2450 impune
631 2353 752 2428 ludere
785 2360 819 2426 et
847 2352 1075 2455 viislubricis
1101 2362 1234 2432 rectum

167 2479 334 2554 insistere.
368 2478 480 2552 Ambo
502 2477 642 2576 quidem
666 2485 789 2552 mutua
810 2487 845 2553 et
869 2477 980 2552 vivida
1005 2479 1236 2578 gratulatione

168 2611 324 2694 utuntur,
356 2603 414 2678 sed
444 2603 500 2676 uhi
524 2602 723 2679 adolescens
745 2603 952 2679 Bacchidem
967 2603 1030 2677 sibi
1056 2604 1236 2680 blandiora

167 2729 375 2828 respondere
394 2729 510 2804 ridens
530 2729 690 2819 miratur,
703 2729 772 2822 illa,
787 2729 914 2803 omissa
931 2729 1044 2804 subito
1058 2731 1232 2828 Pamphili
1347 2725 1352 2736 ’

166 2855 281 2945 laude,
302 2853 345 2928 ad
366 2853 504 2928 laudem
520 2854 636 2928 uxoris
656 2853 795 2930 dextere
813 2852 978 2940 deflectit,
1001 2863 1034 2928 et
1057 2855 1104 2928 ita
1125 2855 1233 2954 signi-

165 2979 246 3053 lieat
261 3002 296 3054 se
308 2980 382 3078 jam
399 3002 467 3054 non
488 2980 623 3053 aemulae
637 2987 753 3075 partes
766 2988 908 3054 tenere:

757 3241 820 3296 Bnc.
836 3272 871 3280 --
887 3238 975 3309 Salve,
992 3240 1141 3316 Pamphile.

167 3369 250 3426 Pane.
269 3397 305 3406 —
319 3363 340 3420 Ο
354 3364 477 3434 Bacchis,
491 3383 507 3422 ο
520 3382 580 3422 mea
594 3363 714 3434 Bacchis,
731 3365 863 3420 servatrix
878 3381 948 3420 mea.

171 3503 234 3560 Bac.
253 3536 288 3544 -
303 3503 375 3560 Bene
389 3503 492 3560 lactum
507 3509 535 3557 et
550 3499 633 3573 volup
649 3505 699 3556 est.

543 3626 628 3682 Pnur.
645 3657 680 3668 -
695 3623 782 3680 Factis
795 3633 825 3680 ut
838 3623 948 3680 credam
962 3623 1037 3692 lacis,

241 3717 438 3791 Antiquamque
454 3716 523 3772 adeo
536 3725 611 3772 tuam
626 3721 795 3770 venustatem
809 3712 927 3782 obtines,

238 3807 281 3863 Uti
295 3805 427 3880 voluptati
443 3806 543 3875 obitus,
558 3820 647 3860 sermo
663 3810 735 3871 tuoS,
752 3819 806 3876 quo
822 3817 958 3876 quomque
973 3800 1127 3872 adveneris,

208 3927 211 3940 ν
240 3895 351 3970 Semper
366 3895 410 3951 sit.

168 4023 234 4078 Bne.
250 4053 286 4062 -—
300 4022 337 4077 dc
350 4032 381 4078 tu
397 4027 503 4076 ecastor
516 4035 620 4076 morem
636 4019 774 4092 antiquom
790 4025 870 4092 atque
886 4018 1025 4090 ingenium
1043 4016 1161 4085 obtines,

241 4110 272 4166 Ut
286 4127 355 4165 unus
371 4110 491 4166 onmium
504 4107 586 4164 homo
601 4117 627 4165 te
643 4107 713 4164 vivet
726 4125 875 4181 numquam
888 4106 1032 4180 quisquam
1045 4105 1180 4162 blandior.

170 4235 258 4290 Phua.
276 4267 310 4275 -
323 4234 456 4303 Hahahae,
472 4243 519 4291 lun
532 4234 568 4288 mi
583 4234 676 4290 islue‘l
