3330 5258
940 494 1100 560 45..

486 625 753 702 seccmmendat
761 654 772 714 ;
789 627 896 703 hahet
907 630 1064 704 animum
1078 639 1253 728 apertum,
1268 633 1431 722 alacrem,
1447 642 1548 730 atque

487 751 606 844 etiem,
618 753 799 828 occasione
810 753 903 846 data,
917 755 1093 852 lepidum;
1110 779 1179 830 uon
1197 780 1335 854 semper
1347 758 1381 830 in
1394 758 1550 832 lacrimas

487 875 677 952 effunditur
686 905 695 966 ;
708 878 796 976 J'ocis
810 901 962 976 quoque,
976 902 1063 977 quos
1073 881 1194 955 suadet
1215 882 1304 955 bona
1320 891 1416 968 aetas,
1429 884 1548 972 utitur,

486 1001 708 1078 sedrenustis
733 1012 768 1078 et
785 1005 1010 1100 tempestivis,
1036 1006 1107 1080 sive
1129 1007 1165 1080 in
1189 1007 1327 1104 nuptias
1350 1031 1386 1082 se
1409 1031 1430 1082 a
1456 1017 1550 1105 patre

487 1128 613 1226 conjici
631 1129 679 1204 sic
693 1130 853 1226 queritur
871 1155 880 1202 :

1207 1229 1370 1286 Praeteriens
1383 1229 1463 1286 modo

520 1313 555 1371 lli
570 1314 643 1388 apud
656 1315 746 1372 forum
758 1333 764 1368 :
778 1306 796 1370 ἰ
811 1333 879 1373 uxor
892 1315 942 1372 tibi
959 1316 1120 1387 ducendast,
1139 1317 1290 1391 Pamphile,
1312 1319 1394 1376 hodie
1414 1340 1439 1388 r,
1455 1319 1547 1392 inquit,

1434 1427 1447 1463 r
1481 1425 1546 1464 ara:

521 1493 704 1551 luidonem.
723 1512 736 1549 n
753 1494 783 1550 ld
798 1494 864 1551 milri
879 1494 967 1552 visust
982 1495 1093 1552 dicere:
1114 1515 1127 1551 r
1142 1496 1261 1554 Abicite
1276 1514 1308 1553 ao
1322 1411 1501 1570 susperidepte
1516 1515 1545 1564 »ς

486 1675 558 1750 sive
578 1676 643 1749 sibi
669 1676 821 1751 oblatam
840 1677 894 1751 vel
909 1677 1021 1774 potius
1039 1678 1234 1775 impositam
1257 1701 1400 1754 uxorem
1422 1679 1549 1778 aliquot

488 1801 600 1876 verbis
612 1801 766 1901 depingit
781 1830 789 1872 :

557 2006 668 2080 Aliquid
681 2008 798 2064 monstri
813 2007 897 2066 alum.
914 2009 953 2065 Ea
968 2008 1098 2083 quoniam
1112 2009 1213 2066 nemini
1226 2010 1334 2067 obtrudi
1348 2017 1449 2085 potest,

558 2097 615 2154 ltur
628 2098 663 2155 ad
680 2115 724 2155 me
739 2099 790 2170 (1).

487 2254 574 2342 Quae
593 2251 725 2327 facetiae
743 2275 785 2328 eo
813 2253 980 2349 gratiores
1007 2277 1077 2351 quo
1101 2255 1357 2330 verisimiliores
1376 2255 1549 2347 ridentur,

488 2400 552 2452 nec
568 2401 626 2454 aas
642 2387 778 2452 tanturn
794 2379 933 2475 toleras,
949 2379 1021 2472 sed,
1041 2379 1069 2454 si
1088 2379 1214 2472 absint,
1229 2381 1413 2456 desideres.
1434 2425 1436 2430 s

988 2709 1055 2801 ΙΙΙ

540 2963 668 3037 Causas
684 2984 741 3035 me
756 2961 984 3059 quaesiturum
1008 2983 1071 3036 cur
1089 2969 1226 3036 tantum
1243 2963 1380 3038 interse
1393 2962 1554 3039 differant

491 3087 639 3162 Plautini
653 3096 687 3162 et
697 3087 894 3162 Terentiani
910 3086 1144 3163 adolescentes
1160 3088 1226 3164 hoc
1242 3090 1394 3186 primum
1412 3091 1555 3190 impedit

491 3211 584 3310 quod
603 3213 706 3286 ambo
729 3222 839 3310 poetae
864 3213 898 3286 iu
922 3213 1070 3286 latinum
1096 3211 1230 3289 fabulas
1251 3238 1381 3313 graecas
1401 3220 1555 3291 sertunt‘l

490 3340 582 3412 Num
612 3337 800 3434 petendum
829 3321 930 3412 altius
953 3338 1001 3411 rei
1033 3337 1310 3414 demonstrandae
1339 3341 1488 3428 initium,
1525 3349 1556 3415 et

493 3463 596 3561 graeci
611 3459 805 3560 scriptores,
827 3485 896 3537 uon
910 3486 1032 3538 eorum
1053 3465 1150 3538 latini
1170 3467 1387 3564 interpretes,
1414 3468 1504 3543 inter
1522 3489 1556 3541 se

494 3587 719 3685 comparandi
736 3594 839 3662 sunt?
863 3590 906 3662 At
927 3590 1099 3686 quomodo
1115 3588 1248 3666 fabulas
1265 3614 1444 3690 compares
1466 3617 1557 3691 qua-

495 3737 575 3788 rum
596 3713 697 3810 pauci
717 3737 847 3804 versus,
881 3722 940 3788 aut
965 3715 1026 3788 soli
1050 3715 1153 3804 tituli,
1182 3719 1368 3792 autetiam
1396 3741 1441 3794 ne
1470 3717 1558 3792 tituli

495 3838 636 3937 quidem
651 3844 855 3937 supersunt?
873 3841 962 3913 Num
982 3840 1065 3938 quia
1077 3840 1228 3917 diversos
1239 3851 1357 3941 poetas
1371 3845 1513 3918 Plautus
1525 3852 1558 3918 et
1649 3881 1650 3948 p

495 3965 676 4064 Terentius
689 3947 782 4062 ¹saepe
809 3965 988 4040 imitantur
1010 3966 1075 4062 (d),
1107 3966 1285 4043 dissimiles
1307 3979 1388 4044 sunt
1407 3970 1558 4046 moribus

531 4141 550 4190 'l
603 4142 658 4192 adr.
686 4145 695 4192 l
720 4143 744 4193 5.

528 4143 563 4288 i²i
580 4145 649 4284 guod
664 4177 837 4272 ’ad’Plautlnes
855 4223 951 4273 tabulas
967 4224 1055 4274 attinet
1070 4225 1096 4274 in
1109 4226 1198 4289 quihus
1212 4227 1406 4278 adolescentium
1425 4235 1558 4280 amatorum

497 4317 578 4353 mores
594 4305 753 4366 inspeximus,
770 4313 811 4353 aut
825 4309 919 4353 certum
929 4315 970 4354 aut
980 4307 1106 4368 probabile
1117 4309 1223 4357 habetur
1238 4313 1319 4358 tresa
1334 4309 1558 4363 nonannoeane
