3330 5258
642 459 683 468 ..
704 422 742 485 73
762 458 802 469 -

187 555 1255 654 scortistantumconsuescant(t),etbisadditisconditionibus

188 694 224 761 ut
233 710 288 760 res
299 684 474 783 placidaet
483 684 591 758 otiosa
602 684 656 774 sit,
667 683 747 758 victi
756 682 868 757 hostes
880 683 942 778 (tp
959 681 1253 778 utbabeantquod

188 812 271 886 dent
288 811 350 909 (3),
371 817 559 885 nectotum
583 809 738 882 animum
767 831 831 882 neo
857 816 965 880 totam
994 829 1067 882 rem
1092 808 1126 880 in
1148 806 1253 881 domo

187 937 320 1011 lenonis
331 936 537 1032 relinquant,
553 935 587 1007 in
599 957 639 1008 ea
649 933 799 1030 denique
813 933 934 1007 ludant
944 933 1157 1030 aliquantum
1169 941 1251 1008 tem·

187 1062 293 1157 poris,
317 1083 386 1135 non
405 1069 522 1134 autem
554 1059 709 1133 haereant
736 1069 771 1132 at
801 1055 1081 1157 frangantur(t).
1112 1058 1253 1130 Plautus

185 1185 258 1260 sine
286 1183 392 1259 dubio
426 1185 535 1259 multa
572 1183 640 1258 lert
671 1192 706 1258 et
736 1183 914 1270 concedit;
946 1182 1106 1278 quaedam
1135 1191 1251 1256 autem

185 1311 312 1408 ignava
326 1317 361 1384 ot
381 1309 495 1407 turpia
512 1331 579 1383 non
603 1331 766 1406 respuere
790 1330 858 1381 non
883 1316 1005 1404 potest,
1034 1308 1145 1405 utqui
1164 1307 1252 1380 virili

185 1435 300 1510 indole
313 1433 922 1532 praeditussit,scilicetadolescentas
934 1457 1005 1508 sese
1016 1431 1254 1506 meretricibus

186 1561 282 1656 quasi
297 1560 451 1657 praedam
467 1559 617 1658 objicere
629 1559 956 1648 attradere,earum
967 1556 1117 1646 fastidia,
1131 1566 1253 1631 contu-

186 1685 317 1770 melias,
337 1685 559 1783 rapacitatem
580 1686 663 1781 pati,
681 1693 716 1759 et
732 1683 875 1757 libidine
889 1689 1074 1758 occaecatos
1093 1682 1250 1779 desipere

186 1818 220 1884 et
231 1832 346 1907 egere.
364 1810 497 1899 Quibus
508 1810 583 1884 baeo
596 1818 693 1884 tanta
709 1809 886 1907 turpitudo
903 1808 1083 1905 contingit,
1099 1830 1158 1882 eos
1171 1831 1254 1908 gau-

186 1934 292 2008 datin
314 1957 453 2009 scenam
467 1934 659 2024 traducere,
677 1957 814 2025 vexare,
835 1933 985 2008 ludibrio
998 1933 1141 2024 habere,
1172 1933 1255 2008 utile

185 2060 347 2134 simulac
369 2058 526 2134 festivum
548 2059 783 2158 spectantibus
799 2059 1060 2134 documentum.
1082 2058 1254 2132 Suavissi-

186 2207 265 2258 mus
283 2193 317 2260 et
336 2207 425 2259 noxa
441 2208 571 2260 vacuus
584 2185 779 2260 Phaedromi
793 2207 892 2258 amor
918 2206 981 2259 nco
1002 2184 1083 2258 sinit
1092 2184 1252 2256 Plautum

185 2318 292 2384 totam
321 2310 391 2385 vim
417 2310 545 2409 ingenii
572 2311 624 2384 sui
656 2333 874 2407 expromere,
909 2332 972 2384 nec
994 2310 1075 2383 satis
1103 2307 1253 2382 ostendit

184 2458 289 2534 quam
304 2457 471 2534 praecepS,
501 2459 606 2533 quam
625 2436 758 2510 lubrica
780 2438 822 2509 sit
842 2436 1026 2533 voluptatis
1058 2434 1247 2509 insectatio.

183 2560 349 2636 Vitandos
369 2561 513 2637 infames
527 2563 686 2659 scopulos
703 2562 777 2660 jam
797 2562 1034 2636 uehementius
1048 2570 1082 2636 et
1100 2560 1251 2658 apertius

215 2777 249 2840 (l)
266 2776 392 2837 Curculio,
401 2778 420 2838 1,
429 2776 452 2827 l.
462 2779 514 2826 Non
522 2777 570 2827 alia
580 2782 617 2826 est
626 2777 723 2826 (tatonis
733 2780 797 2840 apud
811 2779 938 2827 Horatium
953 2777 1084 2840 disciplina
1095 2775 1170 2842 (Sue,
1179 2778 1198 2832 Ι,
1214 2773 1248 2838 tl.

215 2856 249 2920 (ἓ)
267 2857 446 2920 Stratippoclis,
466 2858 536 2921 cujus
556 2860 640 2907 hostes
663 2861 695 2907 ad
714 2873 781 2907 arma
806 2860 1003 2922 transfugerunt,
1028 2860 1128 2922 ignavos
1154 2871 1250 2907 amores

183 2938 282 2987 Plautus
296 2938 390 2997 irridet,
405 2951 450 2988 nee
465 2939 491 2986 in
511 2940 625 2988 hocloco
644 2939 830 3002 Stratippoclem
850 2944 954 3000 tantum,
969 2941 1012 2987 sed
1032 2940 1107 2987 etiam
1122 2952 1166 2986 sua
1185 2941 1250 2985 tem-

182 3032 252 3081 pora,
265 3031 335 3067 suam
349 3022 446 3081 gentem
456 3024 526 3067 notat
537 3034 542 3066 :

245 3144 361 3192 ttnrmcm.
376 3170 408 3179 -
422 3144 521 3208 Edepol,
536 3145 633 3194 lacinus
648 3144 794 3209 inprobum!

310 3291 315 3308 ,
602 3245 734 3292 Tuasrtuo.
752 3271 782 3280 -
794 3245 826 3293 tt
835 3243 886 3307 jam
900 3249 973 3293 antea
988 3245 1029 3293 alii
1042 3245 1153 3294 lecerunt
1166 3244 1245 3304 idem;

305 3319 358 3370 Erit
370 3320 407 3369 illi
421 3321 465 3370 illa
478 3335 519 3372 res
533 3322 629 3372 honori.
920 3335 923 3340 '

490 3423 558 3470 Erro.
573 3448 605 3457 -
618 3422 684 3482 Qui‘l

566 3523 608 3570 Ta.
623 3493 655 3557 -'-
669 3523 730 3582 Quia
744 3528 816 3573 antea
830 3524 885 3573 aliis
899 3523 954 3573 tuit.
971 3522 1064 3587 (apta,
1080 3524 1100 3584 l,
1115 3523 1151 3588 l.)

207 3646 349 3703 Censorem,
364 3660 438 3720 quam
450 3649 560 3708 Plautus,
572 3649 673 3698 nemine
687 3651 822 3710 nominato,
838 3655 946 3711 exercet,
962 3652 1057 3700 daudet
1069 3656 1125 3714 apte
1138 3651 1242 3701 delinit:

178 3742 188 3768 r
205 3725 303 3786 Forsan,
324 3740 399 3786 quum
417 3725 548 3790 Epidicum
566 3729 664 3778 Plautus
684 3729 775 3790 docuit,
797 3744 845 3779 non
865 3732 964 3794 longum
986 3734 1081 3792 tempus
1095 3736 1148 3780 erat
1162 3737 1244 3782 trans-

174 3808 279 3865 vectum,
292 3820 322 3854 ex
335 3820 384 3866 quo
399 3807 509 3870 legiones
521 3823 535 3857 e
549 3811 642 3872 campis
656 3803 825 3859 cannensiuts
837 3812 996 3869 velaliende,
1009 3811 1129 3860 Annibale
1141 3812 1240 3869 victore,

174 3885 325 3948 refugerant.
341 3887 371 3935 Et
383 3887 455 3936 multi
468 3902 481 3936 e
495 3889 566 3950 plebe
580 3890 670 3938 similia
685 3892 850 3952 querebantur
864 3890 895 3939 iis
910 3904 965 3951 quae
978 3891 1068 3940 milites
1083 3905 1164 3940 eoram
1180 3893 1242 3939 llar-

174 3966 245 4026 eello,
258 3968 323 4028 apud
338 3967 387 4018 Liv.
402 3969 470 4030 xxv,
484 3969 507 4019 6.
521 3971 551 4020 nt
562 3971 661 4022 Plautus
675 3971 808 4032 neminem,
824 3975 851 4021 ut
870 3973 983 4031 Naevius,
1002 3973 1101 4021 nomine
1119 3972 1241 4035 signabat,

173 4045 247 4094 immo
259 4047 388 4110 palliatum
401 4049 533 4112 objiciebat
546 4052 647 4100 derisui.
662 4053 771 4102 Censura
784 4052 820 4100 illi
832 4051 881 4101 tuit
894 4053 1006 4115 periculo
1021 4052 1145 4104 immunis.
1164 4069 1174 4098 a

205 4124 240 4190 (3)
261 4126 434 4189 truculentus,
451 4130 470 4189 l,
485 4130 509 4178 l.

205 4204 240 4269 (ll
257 4205 325 4256 Gcnl.
343 4209 411 4270 lton,
428 4207 483 4271 Od,
499 4211 519 4271 l,
534 4210 558 4259 8.
