3330 5258
624 497 780 558 -15..

169 653 411 727 suspensuras,
428 630 506 705 deiu
530 640 564 705 et
583 654 618 705 se
633 640 668 706 et
682 633 844 707 lenonem
862 655 933 706 una
947 655 1108 722 caesurus,
1119 655 1236 728 ‘quum

171 755 268 830 restis
282 765 317 831 et
338 756 471 855 gladius
485 766 532 845 et,
549 757 666 841 erede,
679 757 721 833 ad
737 757 957 833 moriendum
977 758 1114 831 animus
1136 757 1238 831 simul

170 880 294 970 desint,
318 881 423 955 vitam
455 904 592 958 servare
617 883 749 956 mavult
778 891 812 956 et
836 907 913 958 eam
939 884 1044 981 elegis
1073 882 1239 958 efflavisse

169 1005 249 1079 satis
268 1006 375 1080 habet
395 1034 403 1078 :

314 1206 396 1270 Quasi
414 1206 565 1262 solstitialis
580 1206 666 1262 herba
680 1206 820 1280 paulisper
834 1207 892 1262 fui:

230 1373 233 1380 Ι
313 1295 434 1369 Repente
450 1304 560 1352 exortus
575 1314 655 1364 sum3
672 1297 815 1370 repentino
832 1297 918 1353 occidi
934 1298 984 1368 (l).

220 1486 259 1556 ln
275 1483 387 1558 irritas
401 1507 511 1575 voees,
534 1485 657 1582 quibus
672 1486 795 1560 saltem
817 1509 885 1559 uon
910 1493 1001 1584 eget,
1015 1495 1136 1560 oerrtra
1157 1489 1238 1562 Bal-

171 1607 310 1700 lieuem‚
333 1611 497 1684 leueuum
517 1612 676 1684 emulum
696 1612 933 1700 durissimum,
951 1611 1141 1686 effunditur
1149 1639 1159 1700 ;
1184 1613 1239 1687 ille

171 1756 252 1808 vero
271 1757 391 1832 praees
406 1744 440 1809 et
454 1734 642 1809 erimiuaet
652 1735 880 1809 contumelias
896 1735 1109 1832 ingerentem
1129 1738 1239 1811 multa

171 1882 252 1934 eum
272 1860 459 1935 acerbitate
475 1860 607 1948 irridet,
629 1883 691 1934 nee
713 1860 787 1958 ejus
805 1861 972 1934 voluntati
998 1862 1061 1935 uisi
1077 1864 1189 1960 speeie
1207 1873 1241 1937 et

170 2008 233 2083 per
252 1986 440 2060 ludibrium
454 1987 665 2083 obsequitur.
680 1987 845 2060 Animum
859 1988 974 2062 miuus
985 1988 1117 2064 virilem
1134 2013 1240 2087 quam

172 2111 276 2210 hujus
290 2112 453 2187 amatoris
467 2136 561 2210 aegre
577 2112 741 2209 reperias.
758 2113 1036 2212 Pseudoloeuim
1057 2138 1117 2190 sue
1143 2137 1240 2190 serve

171 2261 320 2337 semper,
338 2247 377 2313 ut
395 2241 443 2314 ita
462 2240 588 2327 dicam,
605 2237 728 2314 affixus
749 2263 785 2314 se
803 2248 912 2314 tetum
936 2241 1042 2316 tradit
1064 2242 1240 2340 adjuvan-

55 2383 61 2394 ·
171 2363 256 2439 dum
281 2365 383 2439 simul
402 2375 437 2440 et
460 2365 697 2456 irridendum,
721 2367 996 2464 necquidquam
1020 2367 1093 2466 agit
1114 2369 1176 2442 uisi
1199 2392 1240 2444 ee

172 2498 404 2565 succurrente.
424 2490 594 2565 Pseudulo
613 2499 691 2590 eget
712 2491 770 2588 qui
788 2491 909 2566 litteris
931 2494 1101 2568 Phoeuieii
1114 2495 1239 2594 legeu-

172 2615 223 2689 dis
241 2614 304 2689 sibi
320 2615 408 2690 adsit
422 2624 456 2690 et
470 2615 616 2691 adlleat:

173 2828 236 2885 Cau.
253 2860 289 2870 —
303 2828 350 2886 Est
364 2829 462 2885 misere
478 2829 619 2903 scriptum,
634 2828 777 2887 Pseudole.

619 2955 719 3012 Psuuu.
737 2989 772 2996 —
786 2957 808 3014 0
823 2957 1005 3014 miserrume!

174 3061 239 3117 Cau.
256 3092 292 3102 -
307 3061 377 3126 Quin
391 3062 440 3117 fles
455 3062 518 3133 (bl‘l

172 3250 252 3340 eget
266 3243 387 3318 eedem
408 3244 468 3341 qui
486 3265 602 3318 seeum
621 3245 655 3317 iu
672 3246 832 3320 lenonem
852 3249 1007 3324 eeuvieia
1025 3250 1177 3348 iujieiat:

243 3457 386 3525 Pseudole‚
403 3456 504 3513 adsiste
517 3457 691 3528 altrinsecus,
708 3468 788 3533 atque
804 3477 887 3518 onera
899 3462 971 3519 huna
982 3465 1136 3522 maledictis
1150 3467 1200 3538 (3).

220 3658 331 3756 Negat
349 3657 507 3731 lacrimas
518 3658 719 3749 Pseudolus,
738 3661 914 3756 pumiceas
933 3664 1049 3736 oeulos
1063 3675 1236 3756 causatus,

172 3806 307 3858 neceas
326 3783 361 3855 iu
380 3783 439 3855 tali
459 3806 496 3857 re
518 3783 640 3858 decere
655 3794 747 3858 ratus
770 3785 832 3859 uisi
854 3798 1053 3886 argenteam
1085 3792 1239 3866 eaurieia

172 3931 240 3983 neu
261 3914 376 4006 negat,
389 3917 424 3981 ut
443 3906 498 3981 eui
512 3931 691 4005 uunquam
705 3933 745 3986 ea
764 3909 885 3986 desint.
907 3914 1032 3988 Omnia
1050 3916 1240 3991 Pseudolus

203 4133 237 4195 (q
255 4131 400 4190 Pseudolus,
416 4131 436 4191 1,
452 4098 490 4208 rs

203 4213 237 4276 (a)
256 4211 355 4272 reeta,
372 4214 390 4271 1,
406 4213 429 4259 r.

202 4292 236 4356 (3)
254 4292 354 4353 Pseud,
372 4294 391 4351 l,
406 4293 429 4341 3.
