3330 5258
893 433 989 494 -ao
1010 469 1049 477 -

439 569 555 658 Quum
570 567 731 665 Lysiteles
746 569 924 643 Lesbonici
938 590 1091 644 sororem
1107 569 1139 642 in
1152 570 1412 644 matrimonium
1428 572 1505 644 siue

439 691 518 768 dote
540 703 637 792 rogat
653 702 689 768 ut
703 693 816 768 amico
834 695 948 794 egenti
967 694 1166 793 opituletur,
1183 695 1251 785 illc,
1270 717 1355 794 quas
1375 696 1410 768 in
1432 719 1506 770 an-

439 818 568 914 gustias
581 819 651 892 suis
672 819 758 894 vitiis
775 819 933 896 redactus
950 821 994 894 sit
1006 820 1212 920 intelligens,
1229 819 1501 898 munificentiam

439 943 565 1018 severis
582 944 730 1019 consiliis
752 944 939 1020 admixtam
956 945 1053 1020 valde
1074 945 1244 1044 repudiat,
1270 956 1374 1044 atque
1392 947 1502 1020 animi

440 1067 566 1144 l'erocia
583 1069 692 1144 elatus
703 1070 805 1144 simul
817 1093 859 1145 ac
876 1070 1008 1170 pudore
1024 1071 1229 1163 stimulatur,
1244 1083 1278 1147 et
1297 1071 1329 1144 in
1351 1071 1503 1146 amicum

439 1201 473 1268 ot
489 1193 523 1268 iu
544 1204 651 1269 semet
677 1196 789 1295 ipsum
805 1197 1029 1272 uehementer
1044 1196 1217 1271 invehitur
1239 1221 1246 1268 :

502 1407 606 1464 Omnia
619 1425 671 1480 ego
684 1409 769 1466 istaec
781 1427 842 1484 quae
857 1419 885 1468 tu
900 1411 966 1468 dixti
981 1412 1036 1468 scio
1052 1411 1093 1466 vel
1109 1411 1305 1485 exsignavero:

511 1498 542 1554 llt
556 1515 614 1553 rem
628 1500 742 1574 patriam
759 1509 786 1557 et
800 1500 917 1573 gloriam
932 1501 1065 1574 majorum
1081 1501 1207 1557 foedarim
1222 1518 1322 1557 merim.

509 1588 615 1644 Scibam
629 1597 660 1646 ut
672 1606 733 1646 csse
746 1609 789 1646 me
802 1590 921 1658 deceret,
936 1591 1025 1648 lacere
1038 1608 1092 1647 non
1104 1590 1215 1664 quibam
1232 1591 1331 1647 miser:

509 1679 550 1736 lta
566 1678 588 1733 ri
605 1679 717 1736 Veneris
734 1681 850 1750 vlumus,
867 1682 922 1739 otio
937 1690 1032 1755 captus
1046 1683 1085 1753 (t)
1101 1682 1128 1738 iu
1143 1679 1268 1738 fraudem
1283 1681 1374 1738 incidi.

509 1856 576 1914 b'olo
586 1875 637 1931 ego
648 1859 715 1916 mihi
724 1868 751 1917 te
762 1871 817 1918 tam
830 1861 997 1936 prospicere,
1011 1861 1057 1934 qui
1070 1877 1157 1916 meam
1171 1868 1320 1934 egestatem
1333 1860 1418 1930 leves,

480 2006 485 2020 ,
509 1947 560 2003 Sed
575 1957 604 2005 ut
619 1950 698 2023 inops
710 1949 819 2008 infamis
834 1967 867 2007 ne
883 1950 951 2008 sim:
968 1967 1003 2006 ne
1016 1951 1053 2006 mi
1068 1949 1139 2006 banc
1153 1951 1253 2008 lamam
1267 1950 1405 2018 dilterant,

511 2037 551 2094 lle
566 2055 723 2110 germanam
738 2058 826 2098 meam
841 2058 963 2099 sororem
975 2040 1004 2098 in
1016 2039 1224 2098 concubinatum
1239 2040 1289 2098 tibi

508 2129 550 2186 Sic
563 2129 620 2186 sine
634 2131 697 2188 dote
710 2119 818 2190 dedisse
831 2132 919 2206 magis
931 2148 1013 2207 quam
1026 2131 1053 2187 iu
1066 2130 1281 2189 matrimonium.

509 2218 575 2287 Quis
589 2237 632 2278 me
648 2221 789 2297 inprobior
802 2222 980 2297 perhibeatur
992 2237 1051 2277 esse
1065 2220 1128 2295 (tto

484 2424 674 2524 Quidquid,
689 2433 813 2524 practer
828 2425 947 2514 vitam,
961 2434 1128 2523 superest,
1145 2446 1270 2524 agrum
1283 2445 1408 2520 nempe
1422 2421 1502 2498 suli-

439 2549 624 2640 orbauum,
641 2554 747 2626 sorori
768 2574 840 2626 sum
862 2550 1040 2649 relinquit,
1056 2560 1091 2624 et
1106 2548 1287 2624 infamiam
1308 2571 1388 2622 oum
1410 2548 1503 2623 divi-

375 2683 379 2690 “
439 2676 493 2749 tiis
505 2677 701 2772 proculase
711 2700 893 2752 renrovens
908 2677 1059 2775 inopiam
1081 2674 1500 2778 cumlaudecoujtmotam

437 2802 667 2899 amplectitur.
693 2803 765 2876 Sua
781 2803 874 2876 enim
893 2809 1036 2899 peccata
1058 2801 1285 2900 castigaturus
1303 2797 1444 2897 perinde
1461 2821 1502 2872 uc

437 2916 539 2991 vitam
565 2928 798 3010 sustenturus,
822 2919 910 2996 iorte
936 2919 1116 2995 consilium
1144 2925 1257 2993 rneute
1279 2916 1443 3012 concipit,
1465 2926 1501 2990 et

437 3043 641 3140 conceptum
675 3053 920 3143 exsequeretur
948 3044 1009 3119 nisi
1041 3053 1157 3144 pater,
1187 3039 1502 3117 mercatura-clivos

435 3167 546 3243 iactus
567 3179 601 3244 et
626 3179 822 3267 opportuno
848 3179 1004 3269 tempore
1031 3169 1156 3262 redux,
1181 3191 1260 3243 eum
1286 3188 1366 3242 oum
1394 3163 1498 3241 Calli-

435 3301 497 3376 clis
517 3296 586 3373 filia
600 3296 819 3370 matrimonio
837 3296 1075 3394 conjungeret.

484 3421 663 3498 Lesbonici
686 3422 819 3496 amieos
846 3420 1006 3518 Lysiteles
1031 3443 1097 3494 riou
1127 3419 1209 3493 vitia
1234 3419 1352 3494 debuit
1374 3440 1501 3494 eruere

436 3549 560 3648 quibus
577 3571 752 3646 nunquam
780 3532 980 3635 indulserat,
1003 3569 1117 3620 rarum
1133 3555 1167 3620 ct
1182 3546 1216 3618 in
1232 3545 1398 3620 Plautinis
1414 3543 1498 3618 ado·

370 3675 373 3680 '
436 3673 642 3750 lesoontibus
662 3685 696 3749 et
720 3674 754 3747 iu
784 3671 937 3746 moribus
961 3671 1109 3769 m'rtiquis
1127 3669 1364 3767 temperantia
1381 3690 1500 3746 exem·

466 3918 501 3981 (l)
518 3919 593 3967 Vetus
605 3917 687 3965 Codex
702 3915 786 3964 scribit
801 3929 806 3961 :
823 3913 874 3962 otio
886 3919 986 3974 captus;
1000 3912 1189 3962 Lnrbrosiauus:
1205 3911 1399 3966 ortutt‘ttts,
1412 3927 1421 3954 a
1435 3913 1458 3957 et
1468 3908 1502 3956 ita

436 3999 536 4061 quidem
550 4003 578 4046 ut
592 3997 611 4046 0
626 4011 658 4046 au
672 3997 689 4044 tt
704 3995 779 4044 tuerit
794 3997 881 4056 quarta
894 3994 986 4053 littera,
1010 4006 1058 4041 riou
1080 3992 1182 4054 liqueat,
1202 3992 1244 4040 sed
1264 3990 1325 4039 illud
1347 3993 1429 4037 tamen
1450 3990 1501 4036 reri

437 4081 518 4143 paullo
532 4077 637 4128 similius
651 4077 730 4126 risum
745 4076 785 4125 sit.
804 4093 814 4120 r
831 4073 934 4138 Aptata,
949 4074 1027 4123 Nonio
1047 4075 1235 4137 interpretante,
1253 4091 1262 4117 o
1279 4083 1398 4120 conexum
1414 4073 1438 4117 et
1453 4070 1502 4118 eol-

436 4163 539 4224 tigatum
551 4177 561 4204 r
579 4156 709 4222 signilleat.
729 4157 842 4217 (ttitsclrl.
860 4155 1041 4218 Trirrammur.)

468 4240 501 4300 til
522 4240 689 4296 Triuummur,
708 4238 751 4295 lll,
766 4237 788 4286 ‘L
1092 4231 1096 4239 '
