3330 5258
894 453 1054 516 „45-

442 601 476 668 ot
490 593 613 666 ictibus
622 591 803 683 onerabat,
821 590 986 664 eumdem
1003 588 1264 686 deprehendere
1276 599 1327 662 est
1343 588 1386 662 ad
1398 588 1512 684 inopis

442 718 566 792 domus
595 715 685 792 iores
714 699 953 806 accedentem,
976 725 1012 790 et
1030 739 1089 790 eas
1113 715 1264 790 tremula
1294 738 1400 788 maun
1425 713 1512 811 pul-

442 853 588 918 santem.
632 842 724 931 Quid
764 843 870 941 igitur
909 850 1050 916 acturus
1097 841 1168 916 huc
1203 839 1324 914 furtim
1363 839 1512 913 introiti

441 971 611 1066 virginem
625 969 754 1042 scilicet
778 969 1026 1065 pauperculam
1047 991 1128 1041 cum
1147 974 1263 1040 vetere
1282 973 1392 1039 matre
1406 964 1512 1037 habi-

443 1103 574 1168 tantem
603 1094 774 1167 solaturus
798 1103 834 1168 et
853 1092 1068 1178 firmaturus,
1092 1091 1192 1190 cnjus
1217 1115 1294 1188 spes
1312 1100 1364 1165 est
1393 1089 1510 1179 unica,

445 1219 586 1293 unicum
602 1219 782 1292 auxilium.
799 1219 898 1292 Hanc
913 1206 1029 1292 adbuc
1047 1217 1225 1315 pudicam,
1245 1216 1368 1292 decem
1384 1215 1515 1289 abhinc

443 1343 632 1434 mensibus,
654 1345 748 1432 rino,
770 1353 885 1434 nocte,
907 1342 1138 1417 adolescentia
1159 1344 1279 1440 pulsus
1293 1341 1438 1432 vitiavit,
1453 1340 1514 1416 sed

443 1471 581 1567 culpam
598 1470 654 1544 vir
676 1469 876 1558 admissam,
893 1478 1066 1566 quantum
1093 1468 1158 1542 init
1181 1469 1324 1565 inipso,
1350 1467 1511 1542 redemit.

443 1596 533 1669 nudi
562 1605 709 1671 matrem
735 1595 872 1693 puellae,
893 1595 1097 1680 Sostratam,
1123 1594 1208 1691 qnid
1232 1593 1275 1668 de
1299 1593 1357 1667 illo
1380 1592 1515 1666 famoso

443 1745 598 1820 ganeone
614 1730 744 1813 narret,
757 1745 867 1819 quum
882 1719 967 1795 salso
981 1744 1123 1795 rumore
1137 1721 1296 1817 decepta,
1306 1720 1514 1793 AEschinum

445 1846 593 1942 psaltriae
611 1870 730 1922 amore
744 1845 949 1944 oo'rruptum
961 1869 1033 1920 esse
1047 1845 1157 1920 credit
1175 1853 1210 1920 et
1224 1847 1433 1920 lamentatur
1451 1873 1460 1916 ε

515 2051 556 2108 lle
578 2053 727 2108 miseram!
751 2052 823 2118 Quid
840 2051 899 2124 jam
923 2051 1039 2108 credas?
1063 2061 1110 2109 ant
1127 2051 1192 2126 quoi
1212 2051 1331 2108 eredas?
1352 2059 1512 2107 nostrumne

1323 2141 1512 2212 [AEscbiuum‘l

514 2234 641 2290 Nostram
653 2233 774 2288 omnium
787 2232 881 2301 vitam,
894 2233 924 2288 in
935 2250 990 2306 quo
1002 2241 1102 2290 nostrae
1115 2250 1179 2306 spes
1193 2249 1314 2307 opesque
1326 2248 1420 2286 omnes
1432 2231 1512 2286 sitae‘?

513 2323 564 2387 Qui
575 2322 634 2378 sine
647 2322 698 2377 hac
707 2323 818 2394 jurabat
829 2339 859 2376 se
871 2340 956 2377 uuum
970 2341 1120 2396 numquam
1133 2323 1270 2378 victurum
1282 2323 1375 2377 diem‘l

515 2413 566 2478 Qui
577 2429 607 2468 se
617 2412 644 2466 iu
655 2412 698 2466 sni
708 2411 813 2482 gremio
823 2412 977 2484 positurum
988 2431 1104 2486 puerum
1114 2413 1223 2468 dicebat
1232 2412 1341 2488 patris‘.l

516 2504 557 2558 lta
571 2503 790 2571 obsecraturum,
805 2509 837 2557 ut
850 2501 949 2558 liceret
960 2503 1031 2558 hanc
1041 2521 1072 2559 se
1083 2520 1197 2558 uxorem
1208 2503 1310 2558 ducere
1321 2503 1382 2572 (tlt

442 2676 511 2748 Hos
526 2696 632 2747 noros
647 2697 762 2748 mores
775 2675 882 2747 suasit
893 2697 987 2748 caeca
1001 2675 1128 2772 cupido
1144 2676 1180 2748 iu
1190 2674 1342 2748 vividum
1355 2695 1506 2747 amorem

442 2822 556 2887 versa;
588 2798 663 2874 haec
692 2800 860 2896 promissa
887 2799 931 2874 ad
963 2799 1126 2874 effectum
1154 2801 1294 2898 cupiens
1322 2779 1503 2889 adducere,

443 2935 577 3024 patrem
589 2925 789 3022 adoptivum
803 2925 958 3012 tentavit,
972 2948 1042 3000 non
1051 2927 1267 3023 pluraausus
1277 2949 1348 3022 prae
1362 2924 1504 3022 pudore,

443 3061 546 3147 atque
566 3051 691 3125 eodem
714 3061 869 3148 tempore
892 3061 1048 3147 quotam
1072 3050 1298 3126 vehementer
1316 3074 1338 3123 a
1357 3031 1506 3124 Sostrata

442 3176 682 3250 inconstantia
710 3184 903 3261 accusatur,
933 3176 1048 3273 potius
1077 3199 1184 3275 quam
1207 3175 1356 3251 amicam
1383 3176 1506 3251 desua

443 3299 511 3375 fide
540 3299 744 3376 addubitare
770 3300 934 3397 patiatur,
956 3324 1033 3374 eam
1058 3301 1187 3393 invisit,
1215 3301 1271 3375 oni
1300 3299 1505 3376 dilectissimi

443 3426 558 3498 fratris
591 3435 712 3522 operta
745 3426 856 3517 iacta,
892 3427 1101 3501 discruciato
1139 3427 1276 3520 animo,
1315 3428 1441 3501 invitus
1475 3432 1506 3498 et

441 3551 605 3640 renitens,
649 3550 846 3648 patefaciat.
888 3552 954 3626 Ubi
996 3577 1077 3628 vero
1119 3553 1305 3629 Micionem
1346 3554 1506 3628 Sostrata

441 3677 544 3750 domo
576 3677 814 3774 egredientem
851 3677 964 3753 subito
999 3679 1158 3776 adspicit,
1186 3704 1296 3777 quum
1325 3703 1407 3753 enm
1434 3701 1504 3753 rem

440 3826 579 3890 omnem
598 3804 731 3879 novisse
751 3805 989 3902 nesciat,jam
1010 3806 1199 3880 intraturus
1212 3805 1376 3896 subsistit,
1396 3806 1503 3879 inter-

442 3937 650 4027 rogatusque
666 3930 748 4026 quid
766 3931 894 4029 negotii
911 3931 968 4006 hic
983 3931 1123 4023 habeat,
1133 3942 1236 4031 negat
1250 3955 1285 4008 se
1300 3931 1507 4029 lorespepu-

442 4056 531 4130 lissc.
543 4056 728 4151 Postquam
745 4057 855 4129 malus
870 4057 983 4154 pudor
993 4058 1214 4132 mendacium
1226 4057 1386 4156 subJ'ecit,
1397 4057 1506 4130 bonus

473 4259 507 4325 <n
524 4259 583 4322 na,
596 4262 637 4322 ιιι,
650 4259 673 4309 ι.
