3330 5258
611 477 772 539 ..qq-

160 619 265 694 Μο110
277 616 431 716 quidem,
454 637 522 690 non
540 637 641 714 nego,
662 613 815 702 audebit,
838 613 919 689 data
937 615 1130 705 occasione,
1152 615 1228 690 Cli-

159 743 276 841 tiph03
313 742 388 841 ejus
415 750 528 816 antem
559 741 705 816 audacia
736 737 828 815 locta
853 740 1035 815 Terentius
1071 740 1227 817 obscenis

159 869 286 959 verbis,
311 877 350 942 ut
372 868 468 959 solet,
498 867 634 957 amotis,
664 889 727 963 per
752 865 929 962 obliquam
957 889 1227 965 suspensamque

159 994 353 1069 orationem
383 1001 487 1091 atque
520 1015 562 1068 eo
590 991 835 1090 jucundiorem
872 990 1052 1091 significat.
1090 993 1226 1067 Etenim

160 1119 346 1195 Chremeta
369 1140 575 1216 persuasum
602 1116 752 1192 habente
780 1139 883 1191 suum
909 1115 1019 1190 filium
1048 1117 1228 1192 Bacchidis

161 1267 281 1320 amore
295 1245 331 1317 in
347 1227 497 1341 speciem
510 1250 644 1318 tantum
658 1242 819 1342 flagrare,
833 1265 903 1340 quo
916 1242 1038 1318 melius
1052 1243 1096 1316 ab
1115 1243 1227 1316 amico

160 1370 274 1445 Clinia
291 1369 519 1466 suspicionem
535 1376 680 1458 avertat,
706 1367 781 1467 ejus
801 1367 1007 1443 obstinatam
1028 1368 1227 1458 opinionem

161 1495 397 1585 Menedemus,
427 1494 544 1568 Cliniae
572 1501 682 1592 pater,
713 1493 815 1567 simul
841 1517 945 1584 aoso
975 1493 1123 1592 probare
1148 1494 1228 1592 joco

161 1619 278 1720 fingit,
305 1621 441 1717 penitus
462 1617 659 1709 labefactat,
686 1619 770 1693 dum
800 1618 1052 1694 adolescentem
1080 1619 1229 1694 ostendit

161 1746 326 1820 amatoris
344 1744 497 1842 pactibus
517 1744 603 1819 adeo
624 1743 845 1821 vehementer
868 1743 1082 1842 fungentem,
1103 1753 1138 1819 ut
1154 1768 1226 1820 rem

160 1895 260 1946 suam
275 1894 378 1970 agere
394 1871 551 1945 videatur
567 1870 677 1969 potius
696 1894 799 1968 quam
819 1871 980 1947 alienam.

160 2094 339 2151 Menedemus
356 2126 391 2135 —-
406 2094 457 2150 Sed
470 2094 518 2149 ille
532 2103 606 2151 tuom
619 2111 726 2168 quoque
741 2095 822 2168 Syrus
835 2095 908 2150 idem
921 2094 991 2150 mine
1004 2095 1079 2152 finnt
1094 2095 1191 2165 silium,

234 2185 268 2241 Ut
280 2189 315 2240 ne
327 2184 469 2259 paululum
482 2186 593 2260 quidem
606 2185 714 2242 subolet
729 2202 789 2242 esse
805 2184 920 2240 amicam
934 2183 1004 2240 hanc
1019 2183 1122 2241 Clinia.

160 2311 422 2377 Capenas-Quid
435 2312 499 2368 ais‘l

362 2437 434 2494 Meu.
450 2470 485 2477 —
500 2437 576 2495 Mitto
588 2438 645 2511 jam
657 2438 775 2494 osculari
789 2445 871 2512 atque
884 2405 1050 2512 amplexari:
1064 2438 1091 2494 id
1104 2436 1141 2493 nil
1153 2445 1227 2511 puto.

160 2554 230 2612 Cen.
245 2586 281 2595 -
293 2553 362 2619 Quid
375 2555 502 2628 estquod
515 2555 632 2629 amplius
646 2555 813 2612 simuletur?

669 2670 741 2728 Men.
762 2704 797 2712 -
816 2670 883 2726 Vah.

776 2787 824 2844 Cn.
842 2821 878 2830 -
893 2789 963 2854 Quid
979 2790 1043 2844 est‘l

909 2914 981 2971 Men.
998 2915 1116 2971 -Audi
1137 2913 1228 2972 modo.

235 3003 284 3059 Est
298 3002 364 3060 mihi
379 3001 484 3059 ultimis
499 3003 625 3059 conclave
640 3003 668 3058 in
683 3004 788 3060 aedibus
803 3005 940 3078 quoddam
954 3013 1028 3061 retro
1046 3023 1053 3059 :

234 3093 292 3150 lluo
308 3101 350 3150 est
361 3093 433 3149 intro
447 3093 518 3150 latus
530 3093 627 3162 lectus,
642 3093 811 3152 vestimentis
824 3102 925 3150 stratus
938 3101 989 3150 est.

161 3211 230 3268 Cen.
239 3209 351 3275 —Quid
361 3215 506 3284 postquam
516 3209 570 3266 hoc
579 3217 622 3266 est
634 3210 757 3280 factum?

569 3326 679 3382 Menen.
696 3359 731 3368 -
745 3326 962 3383 lliotumlactum
970 3326 1096 3383 hucabiit
1103 3325 1232 3400 Clitipho.

162 3415 213 3471 Cn.
230 3446 266 3455 -
280 3413 382 3471 Solus?

252 3529 323 3588 nen.
340 3561 375 3572 -
389 3530 477 3588 Solus.

369 3645 418 3703 (ln.
435 3679 470 3688 -
484 3647 589 3704 Timeo.

456 3761 528 3818 Men.
543 3759 706 3818 -Bacchis
722 3767 893 3817 consecutust
906 3758 979 3816 ilico.

160 3897 210 3952 Cn.
228 3925 264 3936 -
278 3893 364 3950 Sola‘t

238 4019 308 4075 Men.
323 4049 359 4059 -
372 4017 443 4074 Sola.

340 4143 389 4200 Cn.
406 4176 441 4183 -
456 4142 537 4199 Perii.
600 4163 602 4168 ·

410 4269 480 4327 Men.
497 4303 532 4310 -
545 4269 597 4327 Ubi
608 4269 700 4328 abiere
713 4270 796 4340 intro,
810 4288 944 4346 operuere
957 4271 1066 4330 ostium.
1162 4259 1165 4266 ’
