3330 5258
505 360 508 365 Ι
623 415 783 480 -25-

168 577 237 630 non
257 553 331 630 sine
345 551 563 628 cunctatione
581 551 756 649 suscipito,
774 559 807 626 et
821 562 945 628 ornatu
965 548 1159 628 nauclerico
1181 553 1235 628 in-

166 672 348 756 oedeus'de
360 701 422 753 sua
436 677 559 754 ficteet
574 678 736 754 indecora
747 687 840 754 veste
856 701 954 777 penne
973 678 1153 758 erubeseat
1168 679 1232 774 (t).

166 804 375 882 Laudandus
393 813 443 881 est
467 827 487 878 a
508 825 644 878 monum
664 813 875 902 preceptore
901 805 948 878 ita
968 813 1097 880 tenerae
1115 799 1237 880 frontis

168 931 379 1022 adolescens,
399 930 443 1004 ab
460 927 575 1004 officio
599 929 776 1004 discedens
792 930 938 1020 invitns;
962 952 1016 1005 nes
1039 938 1156 1006 autem
1177 952 1237 1005 eo-

169 1058 259 1132 mioa
274 1055 455 1132 vividiones
471 1054 615 1130 affectus
634 1054 755 1153 poscit,
776 1055 901 1154 quibus
916 1063 1087 1154 spectator
1100 1078 1236 1132 movear

168 1191 225 1257 tur
250 1191 284 1256 et
305 1181 504 1272 delectetur,
532 1203 595 1256 nec
618 1181 790 1256 immerito
808 1180 1133 1278 Periplectomenes
1163 1180 1235 1276 ipse

169 1306 310 1405 quidem
329 1306 430 1380 nimis
445 1306 488 1381 ad
500 1307 707 1405 voluptatem
721 1327 926 1403 propensus,
940 1306 1134 1382 Pleusidem
1157 1329 1235 1382 um-

169 1432 267 1507 bram
290 1433 438 1506 amantis
454 1431 679 1530 potiusquam
696 1441 870 1507 amantem
889 1440 1001 1507 vocnt.

218 1558 440 1648 Lesbonicus
460 1559 495 1632 in
515 1560 733 1650 Tritiommo,
754 1559 787 1633 in
806 1557 978 1656 proiuudo
997 1558 1160 1634 vitiorum
1177 1559 1235 1632 diu

64 1713 66 1718 ·
165 1683 1234 1784 jacuit,sedeuminducitpoetajamemergentemetadlittus,

171 1819 205 1884 ut
221 1810 268 1885 ita
289 1809 416 1901 dicum,
436 1809 674 1906 arripiendum
697 1810 877 1886 nitentem.
898 1812 988 1884 Dum
1006 1819 1104 1908 pater
1122 1833 1196 1888 nem
1217 1834 1237 1885 a

170 1935 239 2010 tilio
256 1935 401 2012 fractam
417 1959 577 2035 reparare
597 1945 829 2013 mercaturam
847 1936 1004 2012 iaciendo
1028 1937 1233 2026 conabatur,

168 2069 327 2160 paternas
354 2061 446 2138 aedes
472 2062 529 2138 hie
551 2061 699 2138 vendere
719 2062 954 2152 sustinuit-ot
971 2062 1062 2136 intra
1081 2061 1234 2160 quinde-

169 2179 237 2253 cim
251 2179 485 2277 diespnetium
498 2189 680 2277 acceptum
695 2179 897 2277 absumpsit.
913 2181 1027 2270 Quum
1045 2179 1234 2254 Stasimum

169 2327 304 2380 servum
326 2328 428 2380 snum
449 2315 547 2404 nogat
567 2304 650 2403 quid
667 2305 709 2380 dc
724 2327 765 2380 eo
781 2303 911 2380 factum
937 2302 1054 2394 inerit,
1075 2304 1130 2378 hie
1154 2325 1232 2378 res-

169 2429 299 2528 pondet
320 2456 327 2504 :

294 2600 462 2669 Comessuin,
478 2593 615 2674 cipetum,
633 2608 787 2670 caunetum,
804 2599 907 2658 elutum
922 2601 948 2656 in
965 2599 1091 2658 balineis.
1189 2611 1191 2614 ·

171 2727 314 2802 Multum
338 2739 372 2803 ot
392 2752 412 2803 a
433 2729 552 2802 scortis
576 2738 712 2826 raptum
736 2738 800 2817 est,
818 2729 877 2804 sed
898 2753 965 2803 non
988 2737 1098 2804 totum
1117 2737 1234 2804 tamen

169 2853 204 2926 in
222 2854 339 2957 turpia
362 2853 509 2928 effusum
533 2863 602 2943 cst;
629 2853 758 2952 aliquid
777 2877 838 2952 pen
861 2853 1109 2953 benignitatem
1134 2855 1232 2939 abiit,

168 2978 270 3052 bonae
284 2979 422 3076 quidem
440 2979 562 3054 indolis
582 2979 742 3078 signum3
763 2981 857 3054 mille
874 2981 966 3054 onim
988 2980 1234 3055 ilnaohmanum

168 3126 231 3202 pro
255 3105 322 3180 alio
344 3105 540 3204 spopondit,
557 3116 590 3181 et
608 3105 811 3180 damnosam
829 3106 1114 3204 imprudentiam,
1129 3129 1233 3206 quam

167 3230 335 3305 Stasimus
355 3232 522 3329 increpat,
545 3231 684 3332 egregia
703 3233 923 3308 excusatione
942 3231 1095 3308 defendit
1114 3261 1122 3304 ι

341 3415 409 3472 Eum
425 3417 479 3474 uidi
494 3418 624 3475 miserum
639 3429 666 3476 et
683 3437 725 3476 me
740 3421 799 3495 ejus
814 3421 994 3478 misenitnmst
1006 3421 1056 3493 (ἓ).

216 3555 405 3652 Ingenuum
427 3559 583 3632 animum
611 3558 644 3631 in
678 3558 746 3632 vita
780 3559 953 3634 luxuriosa
992 3581 1059 3634 non
1094 3560 1236 3633 omnino

165 3679 372 3754 exstinctum
401 3681 501 3758 fuisse
534 3691 678 3758 testatur
705 3693 839 3759 servata
863 3685 899 3758 in
929 3684 1045 3781 inopia
1071 3685 1232 3784 dignitas.

196 3891 231 3955 (1)
249 3893 299 3946 Mil.
316 3895 390 3958 utor„
405 3897 442 3956 iv,
462 3897 493 3947 t:

351 3977 432 4026 Alium
445 3978 495 4028 alio
509 3985 580 4041 pacto
595 3984 696 4043 propter
709 3995 817 4030 amonem
832 3981 857 4030 ni
873 3980 949 4030 sciam

353 4058 451 4106 Fecisse
464 4060 541 4109 multa
556 4061 676 4123 nequiter,
692 4076 775 4110 verens·
788 4063 866 4126 magis
909 4113 924 4130 Ν

352 4140 389 4188 dle
402 4142 493 4190 amonis
508 4156 581 4192 causa
596 4144 641 4191 hcc
656 4149 744 4193 ornatu
760 4144 884 4194 inccdens.

197 4234 231 4297 (ἓ)
252 4234 418 4296 Trinammuc,
434 4239 465 4298 li,
480 4239 504 4288 i.
