3330 5258
894 417 1051 480 ..28-

444 559 714 654 increpantem:
745 553 917 630 Tibullum
937 554 1049 651 ipsum
1074 553 1117 628 nd
1141 553 1287 652 januam
1302 553 1409 628 Del-im
1437 575 1533 627 mo·
1628 607 1629 612 Ν

444 683 550 757 rantis
568 681 739 758 arderent
757 680 855 778 queri
874 680 1046 756 crederes,

586 907 700 976 Pessnli,
716 905 783 962 bcus
796 906 908 980 pessuli,
923 923 970 963 vus
983 907 1071 963 saluto
1084 907 1191 975 lubens,

586 998 639 1054 Vos
654 1013 726 1066 amc,
742 1013 789 1053 ros
804 996 875 1064 volo,
893 987 940 1052 ros
954 1005 1017 1071 peto
1034 1003 1114 1071 utque
1131 999 1254 1066 obsecro,

587 1087 676 1144 Gerite
690 1087 789 1144 amanti
803 1087 869 1142 mibi
884 1103 987 1143 morem
1001 1087 1195 1168 nmoenissnmi.

588 1266 728 1336 Subsilite,
743 1267 867 1336 obsecro,
884 1279 912 1324 et
926 1267 1129 1345 mittiteistane
1144 1267 1224 1335 sorus,

588 1358 652 1421 Qum
665 1357 731 1412 mibi
744 1357 845 1412 misero
859 1367 961 1414 amanti
974 1355 1060 1412 ebibit
1072 1355 1242 1429 sanguinem.

589 1447 643 1502 Huc
660 1446 729 1516 vide,
746 1455 776 1504 ut
791 1447 928 1504 dormiunt
943 1445 1044 1519 pessuli
1059 1447 1190 1521 pessumi,

588 1536 642 1592 Nec
655 1553 716 1592 men
728 1537 816 1613 guntin
829 1544 989 1593 conmcvent
1002 1553 1031 1592 se
1044 1536 1129 1592 ocius
1443 1549 1472 1592 Ὗ.

495 1745 619 1821 Omnia
641 1756 734 1820 mutu
751 1745 882 1820 inducit
897 1746 1084 1844 loquentia,
1103 1767 1167 1820 nec
1186 1744 1299 1820 minus
1313 1769 1416 1842 quem
1435 1771 1525 1845 pes·
1628 1757 1629 1764 ’

445 1872 537 1946 sulus
552 1872 733 1971 compellet
746 1881 779 1946 et
800 1881 960 1970 precetur
973 1870 1150 1968 adspersas
1170 1871 1248 1945 vinc
1270 1870 1386 1946 tores:

813 2087 891 2160 Agite
907 2087 1002 2155 bibite,
1018 2087 1122 2144 iestivae
1137 2087 1219 2155 sores,

590 2179 692 2248 Putate,
707 2179 752 2234 fite
766 2178 832 2234 mibi
847 2177 966 2235 volentes
979 2178 1115 2252 propitiae.

518 2337 520 2342 ,
589 2359 674 2415 Viden
689 2366 719 2414 ut
735 2347 892 2432 aperiuntur
907 2357 979 2412 redes
995 2357 1204 2415 festivissumm!

589 2449 655 2507 Num
673 2449 764 2506 muttit
779 2447 884 2504 cnrdn‘?
900 2454 941 2502 cst
955 2446 1062 2522 lepidus
1078 2449 1087 2519 (
1108 2451 1127 2520 ).

496 2663 621 2739 Omnia
630 2663 708 2738 vilia
720 2662 910 2755 sordidare,
932 2687 1039 2763 quum
1054 2664 1129 2763 ejus
1145 2664 1321 2763 ingenium
1338 2687 1437 2739 amer
1456 2665 1515 2738 in-

432 2793 538 2876 citet,
560 2789 723 2864 orationis
745 2789 856 2864 nitore
879 2800 1022 2865 exornet
1050 2798 1153 2888 atque
1179 2790 1336 2864 illustret.
1363 2791 1517 2866 Custode
1567 2874 1571 2880 ,

445 2916 607 2991 Palinure
626 2937 765 2992 cereum
792 2915 1005 3013 increpante,
1023 2938 1127 3013 quem
1154 2925 1342 2990 nocturnus
1362 2924 1512 3006 ametor,

446 3051 610 3142 tanquam
632 3041 693 3113 sibi
713 3041 754 3114 sit
771 3063 869 3136 puer,
891 3040 923 3114 in
942 3063 1045 3114 mann
1065 3041 1167 3140 gerit,
1190 3041 1246 3116 bic
1260 3042 1374 3115 statim
1395 3067 1402 3114 :

590 3265 664 3338 Egon
679 3263 846 3339 apicularum
859 3281 943 3339 opera
956 3273 1116 3338 congestum
1130 3281 1183 3320 non
1195 3265 1290 3330 feram,

589 3354 627 3410 Ex
640 3354 710 3411 dulci
724 3353 871 3410 oriundum
884 3353 1020 3409 melliculn
1034 3354 1107 3410 dulci
1121 3355 1202 3410 rnen?

459 3599 462 3607 f
493 3554 567 3631 -Nec
578 3555 674 3653 jocos
690 3551 1334 3650 ncneffnndit,sedccsqui,ncnnnllis
1348 3553 1514 3650 exceptis,

450 3679 629 3779 ingenium
645 3679 869 3754 adulescentis
885 3701 1004 3754 amore
1016 3677 1247 3752 exhilaratum
1271 3679 1428 3754 deceant.
1449 3680 1517 3753 Le·

453 3829 532 3882 riam
549 3816 583 3880 ut
602 3805 740 3895 alliciet,
766 3805 836 3878 uini
851 3803 971 3879 dorem
988 3805 1128 3902 spargit,
1150 3827 1215 3880 nec
1229 3806 1337 3880 scium
1357 3805 1433 3902 ejus
1452 3827 1517 3878 na-

483 4061 516 4124 (t)
534 4063 568 4110 De
582 4061 676 4110 foribus
691 4061 721 4109 ab
737 4061 834 4110 excluso
849 4064 959 4108 amatore
974 4059 1128 4121 compelletis
1142 4064 1165 4107 ct
1180 4058 1316 4107 obsecratis
1328 4059 1411 4108 confer
1427 4061 1519 4107 Lucre-

452 4143 522 4202 tium,
541 4141 575 4190 ne
588 4155 673 4191 rernm
692 4143 757 4210 net,
776 4142 814 4200 lv,
837 4140 949 4190 tres-cr.
968 4168 998 4176 —
1013 4140 1143 4199 Tibullum,
1160 4139 1240 4204 Elec,
1265 4141 1283 4197 1,
1299 4139 1322 4188 ἓ.
1344 4168 1371 4174 -
1391 4141 1517 4201 (tridium,

452 4223 520 4281 Arm,
535 4223 553 4284 i,
565 4223 587 4270 b.
601 4251 630 4258 -·
642 4223 758 4282 Persium,
769 4221 832 4281 San,
848 4223 874 4280 V,
891 4219 943 4268 tdn.
