3330 5258
651 469 684 476 ..-
703 439 737 492 89
767 469 789 475 a

204 559 206 564 ’
238 563 425 637 Charinum
446 563 585 661 quidem
602 563 684 638 velis
699 565 813 637 minus
832 563 966 653 dolere,
990 564 1104 639 miuus
1126 565 1252 639 auxilio

187 689 299 764 alieno
320 712 435 787 egere,
462 697 495 764 et
510 687 632 763 lortius
650 712 729 764 suos
748 712 884 764 amores
903 689 1005 779 tueri,
1027 713 1089 766 neo
1107 690 1250 765 dubium
1354 744 1355 748 η

188 822 237 888 est
271 815 354 912 quin
391 814 571 889 Terentius
602 814 858 890 imbecilliorem
889 815 969 914 ojus·
990 815 1140 890 indolem
1175 839 1250 890 eas-

188 941 283 1040 tiget,
305 941 364 1017 sed
391 964 432 1014 ea
447 940 587 1016 lenitate
603 940 862 1036 castigationem
892 949 1072 1038 temperat,
1097 949 1134 1015 ut
1159 965 1252 1016 verc-

187 1066 348 1141 onndiam
389 1067 510 1141 saltem
545 1066 627 1140 huic
658 1065 865 1141 adolescenti
898 1065 1036 1140 insitam
1078 1066 1122 1140 ab
1157 1065 1250 1140 omni

189 1192 345 1268 irrisione
364 1191 523 1288 excipiat.

238 1317 336 1394 blodo
361 1317 622 1416 suspicabamur
651 1319 809 1392 Plautum
832 1343 853 1391 a
882 1318 1011 1393 Graecis
1043 1318 1168 1416 saepius
1193 1341 1250 1392 re-

110 1505 112 1510 .
187 1443 336 1530 cessisse,
373 1467 480 1542 quum
509 1444 687 1544 effingeret
717 1452 751 1518 et
782 1441 912 1542 asperis
948 1443 1080 1519 facetiis
1117 1439 1251 1518 notaret

186 1578 355 1645 amatores
384 1569 537 1667 pessimis
559 1568 648 1642 vitiis
670 1567 896 1658 deformatos;
930 1592 1023 1642 trunc
1054 1568 1249 1666 deprehen-

185 1695 298 1769 dimus
320 1695 534 1783 Terentium,
570 1694 596 1768 si
624 1694 711 1769 forte
740 1693 784 1768 ab
817 1693 1070 1792 exemplaribus
1105 1685 1251 1770 fideliter

185 1821 370 1896 observatis
387 1821 567 1920 paululum
585 1819 736 1907 aberrat,
756 1819 1022 1894 humanissimos
1036 1827 1069 1895 et
1081 1842 1250 1895 verecun-

184 1946 342 2020 dissimas
354 1946 585 2022 adolescentes
599 1945 880 2021 adumbrantem.
894 1945 1004 2020 Ambo
1015 1945 1130 2045 igitur,
1146 1945 1247 2020 etiam

185 2096 291 2170 quum
312 2072 419 2146 vitam
434 2071 626 2157 imitantur,
649 2094 792 2145 suorum
823 2070 1037 2169 ingeniorum
1072 2069 1250 2144 dissimili-

185 2196 340 2273 tudinem
361 2206 511 2296 arguunt
519 2223 527 2286 ;
550 2219 615 2272 nec
633 2197 724 2271 enim
747 2196 795 2270 ita
813 2218 937 2295 magno
958 2195 1123 2292 temporis
1142 2195 1249 2270 inter-

185 2323 271 2397 uallo
290 2322 459 2414 scribunt,
486 2332 524 2396 ut
546 2346 660 2398 mores
682 2321 823 2396 omnino
850 2321 1003 2419 dispares
1031 2330 1111 2395 ante
1130 2323 1249 2395 oculos

138 2480 140 2490 ·
186 2446 335 2522 babeant
354 2447 430 2544 tlt:
455 2448 541 2522 alter
566 2456 696 2536 autem,
712 2456 837 2521 natura
861 2445 1069 2532 mordacior,
1093 2445 1247 2544 pejorem

181 2573 368 2670 juventutis
387 2580 534 2671 partem,
555 2572 642 2646 alter
661 2573 874 2646 mansuetior
900 2572 1077 2648 meliorem
1106 2570 1248 2668 potissi-

184 2721 279 2772 mum
299 2697 435 2794 inspicit
449 2706 482 2772 et
500 2696 663 2795 depingit.

212 2902 246 2967 (lt
264 2901 436 2966 Duodeviginti
457 2903 528 2952 antris
541 2909 594 2966 post
609 2907 712 2953 mortem
723 2904 811 2960 Plauti,
825 2890 952 2952 'terentius
970 2917 1039 2952 suam
1053 2903 1157 2965 primam
1172 2904 1244 2954 labu-

180 2984 238 3044 tam,
255 2996 341 3044 nempe
357 2982 487 3044 Andrium,
499 2983 567 3033 dedit
578 2981 633 3050 (588
648 2983 715 3032 abU.
733 2991 764 3042 c.)

449 3233 506 3287 Vidi
521 3251 551 3287 ac
565 3232 679 3304 perlegi.

361 3358 470 3415 lutetiae
486 3357 661 3429 Parisiorum,
679 3359 705 3413 in
721 3358 852 3424 Surbonu,

233 3473 263 3526 .l.
281 3469 310 3525 ll.
327 3471 358 3525 Χ.
376 3471 489 3528 lialend.
505 3473 586 3542 Aug„
604 3489 666 3525 ariri.
685 3469 949 3537 abducturam,

179 3579 337 3636 decollatis
352 3580 516 3635 litterarum
528 3580 559 3635 in
570 3579 725 3636 Academia
738 3579 901 3634 Parisiensi
914 3579 1058 3645 Deenuns,

445 3687 468 3741 l.
489 3687 641 3742 WALLON.

863 3775 944 3849 'lypis
959 3776 1111 3834 mandetur.

740 3884 901 3940 laodamia
912 3884 1083 3942 baratensis
1098 3888 1206 3955 Rarior,

887 4001 914 4054 t.
937 3999 1099 4057 notamur.

320 4241 667 4278 r·nrrrs.-rnnn1uunrnn
691 4241 849 4281 nnnrrunr.
871 4243 925 4275 urin
941 4236 1102 4284 rinnand,
