3330 5258
881 440 1040 500 ..56-

480 573 651 650 Phanium
669 575 778 650 eivem
794 575 931 650 atticum
946 597 1020 650 esse
1040 575 1096 649 uhi
1113 576 1220 667 audit,
1240 599 1303 652 aee
1319 599 1417 675 pesse
1433 578 1494 652 nisi

433 700 466 774 in
484 700 702 775 matrimonia
722 699 855 791 haberi,
872 700 1027 798 quamuis
1054 701 1120 776 alia
1140 701 1306 778 suadeant
1331 703 1491 777 timidum

434 826 608 925 ingenium
623 835 657 900 et
672 825 777 923 patris
787 825 937 908 absentis
950 835 1074 916 metus,
1092 827 1225 924 petiere
1240 827 1345 903 habet
1358 829 1495 926 parasiti

374 1021 376 1025 ,
434 951 653 1028 Phurmieuis
676 952 829 1042 euusilia,
849 962 883 1026 et
907 953 982 1052 ejus
1007 952 1094 1027 dolis
1116 953 1255 1052 adjutus
1280 977 1322 1028 eu
1344 953 1495 1030 audaciae

387 1165 390 1172 ,
434 1078 526 1152 veuit
542 1088 579 1151 ut
593 1077 744 1176 puellam
759 1077 948 1154 indotatam
962 1101 1102 1154 uxerem
1118 1079 1232 1154 ducat.
1251 1083 1340 1153 Tum
1357 1079 1494 1155 demum

416 1227 513 1298 ‘eum
531 1202 610 1277 faeti
633 1203 788 1300 poenitet,
811 1228 919 1302 quum
941 1214 1071 1302 patrem
1094 1205 1241 1303 jamJ'am
1266 1204 1493 1280 adventurum

435 1330 1495 1429 esseaeeipit,nonquedsuumameremsatiatusrespuat‚sed

435 1457 527 1555 qued
543 1455 827 1532 consuetudinem
841 1479 919 1530 eum
937 1455 1070 1530 Phania
1085 1455 1210 1531 iactam
1230 1456 1294 1529 sibi
1312 1456 1495 1556 gratiorem

340 1623 348 1638 ·
436 1605 506 1656 esse
538 1581 661 1656 sentiat
683 1604 787 1678 quam
817 1591 855 1656 ut
883 1603 960 1655 eam
992 1581 1102 1656 valeat
1130 1580 1304 1656 dirimere.
1326 1584 1443 1670 Quum
1462 1604 1497 1655 sa

437 1705 539 1782 tantis
570 1706 604 1779 in
634 1705 892 1782 difficultatibus
919 1707 1035 1781 animo
1060 1706 1207 1782 delicere
1241 1709 1378 1797 sentiet,
1413 1729 1496 1780 ure-

438 1855 511 1907 rem
537 1841 571 1909 et
592 1855 690 1906 suam
717 1833 821 1906 vitam
849 1833 1018 1907 Phausia
1040 1844 1073 1909 et
1088 1835 1183 1908 Getae
1202 1857 1300 1931 paerre
1321 1835 1497 1908 exanima·

438 1969 492 2033 tus
527 1957 760 2048 commendat,
791 1956 946 2058 fugitque
978 1981 1057 2032 max
1093 1982 1303 2046 reversurus
1335 1968 1370 2034 et
1401 1983 1495 2034 suam

439 2085 556 2186 sugam
595 2085 833 2182 desertamque
869 2083 988 2158 Phauii
1016 2106 1156 2158 eausam
1185 2083 1246 2158 sibi
1280 2083 1497 2162 vehementer

439 2212 660 2308 adiecturus:
1082 2207 1084 2212 ’

475 2445 552 2502 Enim
565 2462 638 2514 veru,
650 2444 780 2518 Antipho,
793 2443 960 2500 multimodis
970 2462 1031 2500 cum
1041 2443 1109 2500 istuc
1122 2443 1212 2499 auimo
1224 2460 1254 2499 es
1267 2442 1456 2517 vituperandus
1469 2461 1474 2497 ι

477 2537 551 2592 ltane
564 2543 590 2590 te
604 2534 666 2590 hinc
679 2533 779 2601 abisse,
794 2540 821 2588 et
833 2533 915 2589 vitam
928 2541 1000 2589 tuam
1012 2534 1151 2589 tutandam
1163 2532 1223 2588 aliis
1233 2532 1342 2590 dedisse
1353 2535 1359 2586 t

476 2625 549 2682 Atius
566 2633 641 2680 tuam
655 2621 865 2679 rern‘credidisti
882 2623 970 2695 magis
985 2640 1065 2696 quam
1081 2631 1135 2679 tete
1149 2623 1269 2679 animum
1283 2624 1465 2680 advorsarus‘?

475 2715 542 2772 Nam
556 2721 586 2769 ut
600 2721 630 2769 ut
643 2720 719 2768 erant
734 2709 797 2782 alia,
815 2712 854 2766 itti
870 2721 944 2768 certe
959 2730 1021 2786 quae
1037 2729 1106 2768 iruna
1120 2713 1170 2768 tibi
1188 2713 1286 2768 domist
1299 2713 1464 2781 consuleres,

477 2805 515 2862 Ne
528 2803 594 2877 quid
607 2810 721 2876 prepter
734 2810 809 2858 tuam
821 2801 902 2857 tidem
915 2802 1028 2876 decepta
1039 2809 1182 2877 poteretur
1194 2802 1276 2859 rnali:

478 2894 580 2966 Quojus
593 2909 664 2948 nune
676 2890 783 2947 miserae
796 2907 858 2963 spes
873 2907 993 2964 opesque
1008 2900 1070 2948 sunt
1085 2891 1112 2946 iu
1125 2899 1152 2948 te
1164 2909 1219 2948 unu
1234 2907 1327 2948 omnes
1343 2893 1403 2949 sitae
1418 2894 1465 2964 tt).

490 3111 612 3186 Timidi
627 3109 849 3185 adulescentis
860 3109 1020 3184 ardentes
1035 3108 1177 3183 assectus
1189 3119 1223 3184 et
1235 3112 1350 3185 multia
1365 3113 1502 3187 eurisitia

442 3237 619 3314 Terentius
649 3236 767 3310 ieviter
794 3235 946 3334 attingit,
986 3257 1053 3308 uun
1089 3244 1203 3309 autam
1238 3238 1362 3310 aeritur
1396 3240 1502 3334 carpit

443 3363 555 3437 Plauti
570 3363 675 3435 instar
693 3361 889 3436 Calidorum
915 3359 1099 3446 irridentis,
1127 3371 1162 3436 et
1183 3384 1263 3436 eum
1289 3362 1400 3438 vivide
1426 3388 1501 3438 sen-

445 3489 599 3578 tientem,
613 3487 785 3562 remissius
795 3492 958 3584 agentem
971 3487 1018 3560 ita
1028 3485 1197 3584 depingit,
1217 3495 1252 3560 ut
1265 3486 1377 3562 studia
1390 3498 1502 3564 nostre

443 3613 556 3710 petius
582 3612 803 3688 commendet
827 3634 932 3708 quam
959 3611 1107 3686 ludibria
1132 3610 1269 3687 habeat.
1297 3615 1367 3688 Neu
1394 3615 1504 3689 minus

443 3736 648 3834 Antiphanis
665 3736 823 3812 candidae
837 3745 871 3811 et
889 3735 1123 3810 humanarum
1144 3735 1361 3835 ingeniorum
1379 3739 1504 3837 ignarae

444 3863 549 3938 menti
567 3861 734 3952 tavernas,
752 3886 861 3961 quum
877 3863 1211 3938 Phaedrimlenunem
1222 3863 1352 3938 orantis
1368 3887 1410 3938 ne
1423 3862 1503 3938 [idi-

369 4089 375 4102 ·
444 3989 557 4062 ninam
586 3996 736 4084 emptam
765 3987 878 4062 statim
910 3987 1032 4063 vendat
1060 4010 1199 4063 eausam
1227 3987 1419 4086 amplexus,
1441 3989 1504 4064 hue

477 4248 511 4312 (ι)
529 4247 587 4307 ru,
603 4247 646 4305 ιιι,
663 4247 685 4296 ι.
