3330 5258
599 484 759 544 ..59-

215 623 280 680 Sine
293 637 379 678 aare:
397 630 455 678 tum
468 629 593 677 ornatam
607 618 645 676 ita
659 619 700 677 uti
714 635 775 692 quta
790 624 921 682 ornantur
935 617 997 686 sihi,

215 710 294 770 Nulla
303 710 375 768 mala
391 729 421 768 re
434 712 517 784 [esse]
536 713 574 783 (l)
585 709 732 784 expolitam
742 708 883 764 muliebri:
966 741 972 748 -

215 801 334 878 Capillus
346 819 454 876 passus,
468 800 599 875 prelixus
611 800 713 856 eireum
726 806 808 874 caput

215 893 344 965 llejectus
357 890 566 965 neglegenter...

143 1021 278 1111 Quibus
292 1020 418 1111 verbis,
439 1028 509 1117 qua
522 1003 610 1094 hene
624 1026 704 1092 neta
723 1017 873 1115 imagine
889 1023 1083 1090 eonrnrorus
1099 1013 1211 1088 Clinia

145 1155 345 1220 narrantem
360 1143 593 1241 interrumpit,
616 1152 780 1241 tanquam
791 1165 890 1216 suam
906 1139 1117 1238 Antiphilam
1135 1160 1213 1213 rere

147 1295 239 1346 nunc
266 1271 426 1369 reperiat,
456 1281 490 1344 et
517 1270 550 1342 in
579 1268 775 1343 discrimine
802 1268 843 1341 sit
864 1290 940 1342 eam
961 1265 1016 1340 vix
1039 1273 1211 1364 repertam

147 1419 262 1470 rursus
276 1395 456 1470 amittendi
471 1420 478 1468 :

645 1510 709 1582 Syre
725 1509 773 1576 mi,
789 1508 915 1575 ebsecro,

311 1601 348 1660 Ne
362 1617 405 1656 me
419 1600 446 1656 in
460 1599 581 1657 laetitiam
594 1599 696 1654 frustra
710 1597 828 1654 conicias
842 1597 887 1668 (ll.

145 1749 267 1830 Acrius
281 1747 376 1845 cupit
391 1769 533 1822 nascere
546 1745 628 1843 quid
640 1768 723 1844 erga
730 1769 765 1818 se
775 1744 954 1842 Antiphila
964 1745 1101 1834 sentiat,
1113 1743 1210 1841 quid,

146 1873 265 1948 audito
300 1872 465 1948 amatoris
493 1870 620 1962 reditu,
650 1871 766 1945 locuta
795 1868 911 1959 fucrit,
945 1877 1050 1967 atque
1079 1868 1212 1966 optima

146 1999 261 2097 puella
272 2000 374 2074 telam
389 1999 568 2076 deserente
582 2005 615 2072 et
627 1997 661 2071 in
676 1997 837 2072 lacrimas
849 1995 957 2072 etlusa
968 1997 1063 2095 quasi
1077 1995 1209 2084 fruens,

147 2147 301 2202 amorem
320 2147 431 2224 nuper
452 2123 593 2199 anxium
618 2131 651 2199 et
671 2133 831 2200 vexatum
849 2122 1017 2222 exquisita
1040 2123 1212 2221 veluptate

147 2261 293 2328 recreat.

194 2378 331 2453 Interea
360 2377 403 2452 ad
423 2399 504 2453 eum
533 2375 709 2474 Antiphila
730 2355 907 2474 properat,
933 2384 1102 2473 quantum
1136 2372 1216 2448 sinit

146 2501 189 2576 ab
205 2501 550 2576 ancillarumaurum
566 2511 599 2576 et
612 2510 739 2579 vestem
756 2500 968 2599 portantium
985 2523 1091 2600 grege
1106 2501 1215 2598 impe-

147 2626 218 2700 dita
238 2627 440 2724 Clitiphonis
459 2627 584 2715 amice,
609 2627 664 2700 cui
683 2648 799 2702 eomes
819 2625 984 2724 adjuncta
999 2624 1082 2714 suit;
1102 2625 1214 2700 amhae

147 2753 404 2850 colloquuntur,
419 2751 565 2826 Cliniam
579 2773 686 2848 propa
702 2774 774 2828 esse
789 2751 987 2849 ignorantes
1001 2775 1010 2842 3
1031 2750 1089 2824 illa
1103 2773 1216 2825 meres
1322 2845 1328 2851 ·

148 2873 252 2975 hujus
272 2885 343 2949 tam
365 2873 443 2950 {idae
465 2876 588 2972 puella
609 2875 810 2964 admiratur,
838 2898 918 2949 sues
947 2884 1103 2962 exeusat;
1125 2875 1213 2967 hac,

147 2999 232 3098 quid
247 3001 323 3073 aliae
341 2998 469 3073 faciant
483 2999 667 3088 incuriosa,
683 3007 795 3073 tatum
810 2999 966 3074 animum
983 2997 1075 3072 haud
1099 3000 1216 3073 multis

149 3123 261 3202 rerhis
277 3123 438 3223 patefacit
461 3149 468 3196 :

218 3286 314 3343 Nescio
328 3285 395 3342 alias
407 3303 413 3339 :
423 3302 471 3357 me
485 3285 597 3360 quidem
610 3302 718 3360 semper
730 3284 785 3341 scio
799 3286 897 3342 secisse
910 3285 1017 3356 sedula,

220 3378 252 3435 Ut
267 3395 299 3434 ex
313 3376 388 3434 illius
400 3377 542 3434 commodo
555 3393 646 3432 meum
661 3393 849 3451 compararem
865 3376 1046 3433 commodum.

149 3523 281 3621 Excipit
295 3522 490 3599 accedentis
502 3543 699 3597 sermenem
712 3521 837 3612 Clinia,
855 3543 921 3597 nee
935 3519 1060 3596 auditis
1073 3519 1217 3620 indigna

150 3648 256 3726 refert
271 3678 279 3721 :

184 3800 267 3874 Ergo,
284 3817 346 3855 mea
360 3798 510 3874 Antiphilu,
525 3807 554 3855 tu
563 3814 634 3854 nune
648 3796 707 3854 sela
720 3795 849 3853 reducem
864 3813 908 3852 me
923 3796 951 3851 in
963 3796 1080 3870 patriam
1094 3797 1180 3854 faciae

185 3890 252 3946 Nam
263 3889 329 3945 dum
342 3888 391 3944 ahs
404 3898 431 3944 te
444 3888 550 3957 absum,
568 3904 661 3944 omnes
673 3887 742 3943 milri
753 3886 862 3944 labores
875 3887 962 3955 luere,
973 3904 1041 3959 quos
1053 3886 1122 3962 cepi,
1131 3887 1216 3956 leves,

185 3981 371 4054 Praeterquam
387 3979 426 4035 tui
441 3979 590 4036 carendum
606 3978 679 4052 quod
694 3985 763 4034 erat.

184 4143 216 4208 (l)
234 4145 313 4204 Quum
328 4156 380 4192 ecee
390 4143 484 4191 nullum
499 4142 539 4192 hie
551 4143 739 4201 laeumhabeat‚
755 4142 1034 4205 Bentleyhnneversum
1051 4141 1086 4190 ita
1096 4144 1219 4199 emendat,

151 4225 246 4272 ‹trrahus
264 4223 377 4272 versibus
392 4221 510 4270 Plautinis
524 4222 593 4270 nisus
609 4236 614 4267 ε
633 4238 642 4263 r
659 4223 731 4271 Nulla
752 4223 818 4270 mala
833 4236 859 4270 re
874 4223 1046 4283 interpolatam
1065 4221 1190 4270 muliebri.
1209 4237 1218 4264 r

182 4303 215 4366 iil)
235 4303 332 4360 lirant,
350 4303 379 4360 ll,
396 4303 417 4349 a.
