3330 5258
606 437 644 447 -
666 402 704 462 (33
731 439 764 445 -.

150 536 295 611 tandum
321 557 475 610 amorem
505 533 631 610 amore'
658 537 763 610 nimio
792 535 1054 621 confitentium!
1084 541 1119 611 lu
1152 539 1217 612 lmo

151 670 284 735 tautum
316 660 468 736 Simonis
493 661 691 736 narratione
707 655 911 758 ¹Glpcerium
937 685 1016 736 cum
1037 663 1217 760 Pamphilo

151 786 355 876 ostenditur,
385 785 444 861 sed
473 794 568 860 tanta
593 787 818 862 delectatione
851 787 883 859 in
925 787 1074 861 amantis
1103 787 1214 861 sinum

153 912 317 986 reclinato
326 911 536 1010 depingitur,
549 921 587 986 nt
600 934 779 1010 nunquam
794 937 834 988 ex
851 912 968 988 animo
984 921 1099 987 nostro
1115 913 1216 1010 possit

153 1037 324 1112 excidere.
356 1039 430 1112 Non
460 1037 585 1112 talibus
611 1038 820 1137 imaginibus
846 1038 972 1138 gaudet
991 1039 1100 1113 Plauti
1119 1038 1216 1138 inge·

155 1163 266 1252 nium,
283 1162 505 1261 atqueetiam
527 1163 586 1237 ubi
608 1171 767 1239 mutuum
795 1187 859 1240 nec
883 1147 1216 1262 nimis'petulantcm

154 1311 309 1364 amorem
327 1289 500 1383 describit,
518 1314 586 1367 non
604 1315 640 1368 se
657 1291 854 1390 tenetquin
881 1291 1010 1390 aliquid
1035 1292 1163 1367 turbidi
1186 1299 1220 1366 ot

156 1412 416 1512 intemperantis
430 1416 510 1492 buic
527 1417 636 1492 amori
657 1417 861 1492 immisceat.
886 1420 974 1492 Duo]
999 1415 1222 1492 Phaedromus

156 1538 350 1615 Planesium
365 1541 596 1639 amplectitur,
614 1550 725 1616 custos
740 1542 924 1616 Palinurus
938 1543 1130 1617 exclamat:

230 1751 336 1812 Pariter
350 1754 400 1812 hos
413 1755 504 1828 perire
519 1755 635 1812 amando
650 1755 747 1812 video:
764 1763 879 1830 uterque
895 1756 1042 1814 insaniunt.

229 1843 316 1900 Viden
326 1851 355 1900 ut
364 1845 463 1902 misere
473 1844 622 1902 moliuntur
634 1846 639 1901 !
655 1854 794 1920 nequeunt
803 1845 935 1921 conplecti
946 1845 1020 1903 satis.

229 1933 317 1991 Etiam
332 1934 512 2009 dispertimini
526 1937 587 2006 (l)‘l

160 2123 298 2210 Quanto
321 2121 513 2220 magistros
536 2131 649 2197 mouet
669 2122 839 2220 Pamphili
863 2145 974 2212 amor,
1008 2123 1225 2198 miseratione

162 2245 370 2336 increscens,
395 2255 441 2336 et,
473 2254 511 2321 ut
537 2247 583 2320 ite
609 2247 735 2336 dicam,
758 2248 901 2323 nradeos
926 2249 1093 2323 lacrimis!
1122 2249 1221 2337 Quod

162 2396 273 2474 genus
291 2372 420 2446 amoris
444 2372 479 2445 in
501 2373 611 2447 Clinia
629 2375 703 2472 jam
730 2372 953 2464 delineatum,
980 2375 1015 2447 in
1044 2374 1226 2470 Parrrphilo

161 2497 356 2596 perlectum
375 2506 529 2595 apparet.
552 2500 650 2574 Hunc
668 2499 776 2589 enim,
797 2523 901 2599 quem
922 2497 1072 2597 primulo
1094 2500 1227 2574 allexe-

163 2633 245 2700 runt
258 2623 403 2724 Glycerii
419 2624 638 2721 pulchritudo
653 2633 687 2700 et
702 2624 782 2699 boni
798 2648 923 2716 mores,
941 2626 1090 2700 retinent
1106 2633 1140 2700 et
1152 2627 1227 2699 uin-

162 2751 260 2826 ciunt
273 2759 398 2824 amatae
410 2749 553 2847 virginis
565 2759 763 2848 paupertas,
773 2750 932 2844 solitudo,
947 2759 1050 2848 atque
1062 2750 1095 2823 in
1108 2752 1194 2848 prim
1202 2753 1227 2824 is

164 2877 268 2952 timor
291 2900 334 2952 ue
360 2876 472 2973 puella
496 2875 631 2950 deserto
666 2884 700 2950 et
729 2898 833 2974 egens
861 2875 896 2948 in
922 2877 1022 2973 pejus
1057 2884 1224 2950 mutetur.

97 3033 101 3042 ·
166 2986 306 3078 Simone
334 3003 479 3101 jubente
508 3009 544 3074 ut
573 3000 741 3100 virginem
770 3001 922 3074 dotatam
946 3001 1058 3074 statim
1086 3025 1229 3076 uxorem

167 3130 293 3220 ducat,
330 3128 503 3204 miserum·
528 3127 802 3216 adolescentem,
835 3127 942 3222 patris
976 3127 1084 3225 magis
1111 3150 1229 3202 amoro

167 3279 272 3352 quarm
305 3261 398 3330 metu
428 3251 643 3329 dubitantem
673 3274 714 3326 ac
747 3274 845 3348 paene
879 3250 1066 3340 labantem,
1103 3253 1232 3351 aliquot

168 3379 267 3478 ltlpsis
288 3379 392 3454 uerba
407 3379 449 3456 'de
474 3377 630 3477 Glycerio
647 3377 858 3475 parturiente
884 3384 918 3451 et
938 3377 1040 3451 simul
1061 3401 1103 3452 ne
1122 3377 1231 3453 desti-

168 3512 288 3579 tuatur
303 3503 524 3580 vehementer
542 3502 785 3578 extimescentc
802 3501 914 3577 subito
933 3501 1074 3576 firmant
1094 3512 1233 3601 atqnea

167 3630 270 3728 jussis
288 3629 416 3726 nuptiis
430 3630 549 3727 procul
565 3636 764 3705 removent:
857 3651 861 3658 ·

241 3825 317 3898 Egon
330 3833 443 3900 propter
454 3843 497 3881 me
509 3825 584 3882 illam
596 3824 684 3898 decipi
694 3823 822 3882 miseram
834 3824 931 3892 sinam,

241 3916 306 3980 Qum
316 3916 383 3973 milri
395 3934 473 3973 suom
483 3917 603 3973 animum
614 3924 696 3990 atquc
706 3934 814 3972 omnem
826 3915 907 3972 vitem
918 3913 1044 3982 credidit,

243 4007 330 4072 Quam
343 4025 393 4081 ego
407 4007 497 4064 animo
511 4006 623 4080 egregie
639 4024 730 4064 caram
745 4024 794 4080 pro
811 4023 893 4062 uxore
909 4005 1053 4063 habuerim
1062 4009 1074 4062 ‘l

204 4203 237 4268 (l)
254 4203 379 4263 Curculio,
397 4206 416 4262 1,
431 4205 453 4254 a.
