3330 5258
622 471 782 534 „pt-

166 617 201 688 in
226 612 413 690 Bacchides
432 634 453 686 a
475 633 511 686 se
527 609 637 708 jactas
664 609 699 682 in
725 629 826 682 snum
855 615 958 705 caput
978 629 1019 682 ac
1037 629 1135 680 suam
1159 629 1232 682 rem

166 739 420 816 redundaturas
436 765 444 808 :

237 900 303 956 Nam
316 897 381 956 mihi
393 899 478 956 diripi
493 914 643 972 numquam
657 897 802 970 quisquam
818 896 942 964 creduat,

236 990 267 1046 Ni
284 1006 335 1062 ogo
350 988 426 1045 illam
439 987 571 1062 exemplis
587 985 721 1062 plurumis
734 985 979 1060 planeque...amo.

237 1080 295 1150 Ego
311 1079 371 1135 laxo
386 1079 453 1134 haut
469 1079 541 1135 dicet
557 1085 663 1133 nactam
678 1093 759 1150 quem
777 1075 919 1132 deluserit.

236 1169 302 1224 Nam
315 1169 372 1240 jam
388 1168 498 1224 domum
512 1168 678 1241 ibo...atque
690 1165 968 1242 aliquidisuhrupiam
984 1165 1063 1240 patri.

236 1258 265 1312 ld
279 1257 324 1312 isti
339 1257 419 1313 daho.
437 1255 494 1330 Ego
509 1257 594 1312 istanc
608 1255 700 1312 multis
716 1255 831 1312 ulciscar
845 1257 944 1325 modis,

239 1347 310 1403 hdeo
325 1364 377 1422 ego
391 1347 466 1404 illam
479 1363 574 1421 cogam
590 1355 742 1421 nsque...ut
758 1345 893 1404 mendicet
908 1364 985 1403 meus
1000 1349 1103 1421 pater(
1123 1350 1143 1420 ).

213 1504 325 1591 Quam
341 1525 441 1575 rurus
459 1511 509 1577 est
525 1501 618 1600 apud
633 1502 795 1577 Plautum
812 1501 1009 1577 adolescens
1022 1503 1121 1600 cujus
1134 1525 1233 1577 amor

163 1629 291 1704 bonam
309 1635 342 1703 et
357 1627 547 1726 simplicem
563 1637 722 1702 naturam
746 1620 909 1716 redoleat,
928 1649 992 1702 nec
1013 1651 1150 1703 morum
1166 1651 1232 1724 pe-

164 1754 309 1828 tulantia
325 1776 389 1828 nco
403 1753 567 1828 orationis
580 1753 719 1828 lascivia
735 1757 995 1851 corrumpatur!
1017 1753 1232 1830 Philolaches

163 1881 197 1952 in
219 1881 435 1956 Mostellaria
459 1903 478 1954 e
507 1887 700 1954 ceterorum
716 1886 913 1954 amatorum
935 1877 1079 1954 numero
1099 1901 1134 1953 se
1153 1879 1232 1953 exi-

163 2007 422 2103 mereprimum
438 2005 594 2081 videtur:
610 2005 733 2080 emioae
745 2006 838 2080 enim
853 2028 920 2079 non
935 2013 1068 2079 tantum
1082 2003 1232 2104 pulchri-

162 2132 331 2216 tudinem,
344 2131 403 2207 sed
422 2134 528 2207 etiam
541 2131 683 2206 virtutes
703 2130 840 2214 laudat;
872 2129 985 2206 forma
1000 2131 1072 2234 jam
1095 2138 1229 2228 gratam

162 2266 305 2340 venusto
321 2258 504 2357 ingenioet
522 2258 667 2356 probata
686 2256 754 2332 ndo
771 2257 958 2355 gratiorem
975 2257 1090 2344 habet,
1111 2265 1145 2330 et
1165 2257 1229 2331 sibi

161 2387 287 2483 gaudet
303 2384 385 2458 nihil
398 2407 471 2460 esse
490 2385 565 2484 ejus
577 2407 693 2459 causa.
716 2384 811 2460 Idem
828 2407 908 2460 vero
930 2407 1021 2460 nuno
1040 2384 1142 2458 nimis
1163 2408 1229 2460 ex-

162 2510 288 2608 quisita
306 2518 341 2586 et
363 2511 537 2584 elaborata
563 2511 730 2606 sapientia
758 2509 941 2598 redundat,
969 2533 1093 2608 nempe
1119 2533 1227 2608 quum

163 2636 340 2711 contendit
353 2635 541 2711 liberorum
554 2636 725 2725 animum,
747 2636 840 2711 velut
865 2637 1003 2711 domum
1027 2660 1047 2710 a
1070 2637 1228 2733 parenti-

163 2763 227 2882 bps
245 2763 453 2836 exarnussim
469 2761 595 2836 lactum
614 2769 649 2838 et
669 2762 866 2860 expolitam,
880 2763 912 2837 vi
931 2762 1126 2860 cupiditatis
1145 2786 1227 2859 per-

164 2888 391 2964 madefactam
411 2887 527 2963 labare
543 2899 577 2963 et
596 2888 722 2986 perire,
738 2896 772 2963 et
794 2888 956 2986 adspecta
979 2889 1081 2962 simul
1100 2889 1225 2978 amica,

163 3037 204 3089 ea
219 3013 441 3088 similitudine
461 3014 509 3087 ita
523 3013 691 3103 abutitur,
710 3023 747 3088 ut
756 3015 829 3112 jam
845 3013 975 3088 nescias
993 3023 1109 3089 utrum
1131 3014 1228 3090 l'aber

163 3162 206 3213 an
237 3151 372 3213 amator
394 3115 557 3236 loquatur
584 3140 653 3237 (hh
680 3156 773 3214 rinno
792 3138 835 3213 ad
860 3139 929 3212 vim
948 3140 1075 3213 amoris
1098 3138 1229 3238 siguifi-

163 3264 390 3339 eendamnon
410 3263 544 3338 tantbm
564 3263 716 3362 lepidum
737 3272 772 3338 et
790 3264 999 3338 concinnum
1011 3264 1147 3339 dicendi
1162 3289 1228 3364 ge-

165 3414 229 3464 nus
242 3389 394 3479 adhibet,
413 3389 471 3464 sed
486 3389 657 3464 interdum
674 3389 832 3465 affectato
844 3391 1092 3465 sententiarum
1107 3401 1141 3466 et
1153 3415 1228 3467 ver-

165 3517 288 3590 borum
310 3515 446 3591 delectu
475 3516 595 3606 utitur,
622 3539 752 3614 quum,
780 3515 928 3612 exempli
953 3516 1081 3614 gratia,
1112 3517 1230 3594 videns

164 3641 406 3716 Philematium
433 3642 483 3715 ori
497 3665 559 3716 suo
577 3642 754 3738 speculum
774 3640 1015 3716 admoventem
1032 3643 1225 3717 exclamat:

450 3810 481 3866 Ei
495 3811 561 3868 mihi
574 3810 689 3868 misero!
704 3809 810 3867 savium
825 3809 935 3884 speculo
950 3810 1032 3867 dedit.

219 3899 304 3964 Nimis
318 3905 398 3961 velim
408 3903 536 3978 lapidem,
549 3902 596 3976 qui
608 3918 658 3977 ego
669 3901 708 3958 illi
722 3899 832 3976 speculo
846 3899 1021 3956 dimminnam
1032 3907 1112 3974 caput
1124 3899 1163 3974 (3)

199 4069 232 4131 tl)
249 4068 348 4127 Baculo,
366 4067 409 4128 lll,
423 4065 447 4117 l.
461 4093 492 4101 —
505 4067 574 4115 llunc
596 4067 676 4114 locum
696 4064 827 4114 Lambinus
844 4063 904 4127 (Ph,
921 4064 1030 4124 Lutetiae,
1045 4061 1116 4126 toto)
1132 4063 1230 4112 incaute

168 4150 288 4198 miratur:
306 4166 315 4194 a
331 4148 391 4198 Mire
406 4147 552 4210 exprimitur
567 4146 672 4196 errantis
686 4145 848 4208 perturbatio,
864 4149 888 4194 et
901 4144 1079 4203 inconstantia;
1095 4146 1143 4192 etc.
1161 4161 1171 4188 r

200 4229 233 4293 (h)
250 4227 412 4288 Mostellaria,
426 4229 445 4287 l,
461 4227 484 4276 ἰ).
549 4227 550 4232 ’

201 4309 233 4373 (3)
249 4308 364 4367 diesteh,
380 4311 399 4370 l,
415 4307 437 4358 3.
