3330 5258
894 464 1048 526 42„

486 603 544 676 llis
557 602 669 678 verhis
681 601 824 688 emissis,
841 601 918 699 quis
931 623 1000 674 non
1018 599 1269 674 audirecredet
1287 598 1502 697 pulchellum

436 727 663 804 hlasoarillum
683 727 719 800 in
737 726 864 826 inclyto
878 724 1125 824 fabulaputide
1144 723 1339 800 dicentem?
1353 726 1384 798 ls
1399 746 1502 797 ame·

436 863 503 944 tor,
540 853 599 952 qui
632 853 772 949 speculo
809 851 948 937 invidet,
981 874 1122 941 mensae,
1162 851 1217 925 cni
1256 849 1502 924 Philematium

436 978 621 1067 accumbit,
648 977 909 1053 Callidamatem
928 975 1194 1066 adolescentem,
1219 976 1299 1050 vino
1325 998 1499 1065 mersum,

437 1127 564 1180 novum
586 1103 766 1180 convivam
787 1102 954 1178 adhihere
970 1083 1126 1193 sustinet,
1147 1111 1179 1176 ot
1197 1100 1319 1178 eodem
1344 1109 1502 1196 tempore

436 1254 503 1329 quo
524 1230 691 1306 sermonis
710 1229 872 1305 eximiam
895 1229 1114 1328 elegantiam,
1137 1236 1176 1302 ut
1196 1227 1345 1302 amicam
1366 1226 1501 1316 laudet,

436 1363 564 1454 captat,
584 1356 617 1429 in
635 1364 783 1453 patrem,
798 1365 896 1429 atrox
912 1352 1015 1444 lilius,
1033 1353 1175 1452 indigna
1189 1362 1267 1428 vota
1282 1351 1362 1428 iacit
1379 1377 1387 1428 ε

510 1569 614 1625 Utinam
626 1585 703 1623 meus
714 1585 785 1624 nunc
797 1575 917 1624 mortuos
930 1576 1007 1642 pater
1020 1567 1054 1624 ad
1067 1585 1111 1623 me
1124 1568 1273 1637 nuntietur,

507 1657 540 1714 ttt
555 1674 606 1730 ego
618 1657 782 1714 exheredem
796 1657 863 1714 meis
876 1658 955 1714 honis
968 1675 1011 1712 mo
1024 1657 1120 1713 facicm
1134 1664 1214 1731 atque
1228 1658 1286 1714 haec
1304 1657 1339 1714 sit
1356 1657 1438 1714 liores
1451 1659 1501 1727 (l).

487 1807 723 1930 Agorastocles
749 1833 785 1904 in'
811 1833 954 1906 Poenulo
987 1833 1109 1906 miram
1140 1855 1277 1906 morum
1310 1831 1502 1906 castitatem

438 1957 576 2033 allectat
587 1987 596 2048 ;
617 1956 778 2056 adspecta
798 1959 906 2044 enim,
926 1981 1031 2056 quam
1049 1965 1156 2051 amat,
1176 1957 1397 2056 Adelphesio‚
1415 1956 1504 2031 suh-

356 2090 359 2096 ‘
437 2083 521 2159 sistit
540 2085 673 2182 procul,
689 2093 723 2158 et
742 2086 913 2160 Venerem
938 2107 957 2158 e
980 2084 1068 2158 coelo
1083 2083 1281 2182 migravisse
1302 2093 1409 2171 ratus,
1432 2105 1501 2157 non

439 2210 508 2284 alia
533 2210 755 2286 veneratione
790 2211 1008 2308 prosequitur
1039 2233 1080 2285 eo
1114 2209 1237 2298 deem;
1259 2232 1337 2284 suos
1367 2217 1502 2284 tantum

438 2336 554 2410 oculos
582 2335 657 2435 ejus
684 2333 952 2434 pulchritudine,
986 2359 1088 2410 arrres
1119 2358 1277 2410 sermone
1301 2335 1414 2425 satiet,
1439 2356 1503 2409 nec

438 2461 551 2559 plum,
569 2470 726 2558 stupente
744 2483 842 2534 servo
858 2461 1057 2558 Milphione,
1079 2460 1274 2536 desiderare
1296 2461 1440 2536 videtur.
1458 2461 1503 2534 Ut

438 2587 630 2660 Philematii
648 2586 873 2674 Philolaches,
895 2587 944 2660 sic
964 2587 1159 2685 Adelphasii
1179 2587 1417 2684 Agorastocles
1443 2586 1503 2659 ho·

442 2722 571 2786 uestem
590 2720 624 2786 et
638 2712 845 2786 concinnem
860 2713 1052 2787 strationem
1072 2713 1278 2802 admiretur,
1295 2724 1329 2786 et
1351 2711 1501 2786 vividum

440 2825 595 2909 amorem
628 2842 662 2910 et
694 2834 811 2932 pom,
844 2835 963 2934 paucis
992 2835 1162 2934 exceptis,
1194 2844 1355 2910 venustos
1390 2833 1503 2935 lepide

442 2959 559 3036 miscet
574 2985 582 3034 :

441 3174 559 3229 husten.
574 3171 717 3230 -lnvidla
728 3172 756 3229 in
768 3173 812 3230 rire
826 3173 1101 3247 numquaminnatust
1114 3191 1201 3250 neque
1215 3175 1327 3244 malitia,
1340 3193 1401 3232 rnna
1413 3193 1501 3234 soror.

513 3264 586 3324 ltono
599 3280 642 3318 me
655 3262 765 3335 ingenio
778 3280 838 3320 esse
851 3273 973 3320 ornatam
986 3281 1067 3338 quam
1080 3281 1146 3322 auro
1161 3259 1247 3322 rhulto
1261 3266 1377 3323 mavolo.

513 3357 613 3410 hurum
627 3352 772 3409 infortuna
787 3353 931 3422 invenitur,
948 3363 1044 3411 natura
1058 3354 1197 3429 ingenium
1212 3357 1324 3413 honuni.

512 3443 613 3498 Bonam
628 3459 678 3516 ego
694 3460 775 3516 quam
788 3444 895 3500 beatam
908 3461 951 3499 me
967 3461 1028 3501 esse
1042 3445 1126 3501 nimio
1139 3445 1192 3502 dici
1207 3445 1324 3502 mavolo.
1499 3516 1501 3522 Ι

512 3531 680 3592 Meretricem
698 3532 830 3606 pudorem
848 3549 945 3605 gerere
964 3533 1051 3606 magis
1066 3534 1142 3590 decet
1157 3551 1238 3606 quum
1253 3551 1412 3609 purpuram,

490 3671 494 3683 ‚
514 3620 653 3694 Magisque
664 3621 835 3678 meretricem
848 3622 980 3695 pudorem
990 3639 1071 3696 quam
1082 3639 1178 3679 aurum
1190 3639 1287 3694 gerere
1298 3623 1438 3682 condecet.

512 3708 636 3764 Pulcrum
652 3716 776 3764 ornatum
792 3717 884 3783 turpes
897 3727 987 3768 mores
1003 3711 1081 3784 pejus
1096 3727 1173 3768 caeno
1188 3711 1345 3779 conlinunt;

512 3796 606 3871 Lepidi
621 3813 711 3854 mores
725 3805 832 3872 turpem
852 3808 976 3856 ornatum
995 3798 1074 3857 lacile
1088 3799 1165 3856 lactis
1181 3800 1358 3874 oonprohant.

441 3934 574 3990 hcontsr.
586 3931 684 3988 -h'ho
700 3933 745 3989 tu!
761 3933 805 3989 vin
821 3942 851 3990 tu
866 3933 970 3991 lacinus
983 3934 1074 3991 facere
1088 3933 1209 4011 lepidum
1222 3943 1248 3991 et
1261 3932 1407 3992 festivom?
1430 3947 1432 3952 ·

1253 4061 1346 4122 litura.
1361 4093 1396 4102 -
1407 4061 1485 4120 Volo.

472 4257 505 4324 p)
524 4258 640 4317 clotten„
657 4261 675 4319 v,
692 4259 713 4313 a.
777 4283 779 4290 ,
