3330 5258
631 421 708 480 ..9
728 452 768 464 -

167 555 342 632 Calliclem
356 562 455 654 rogat
467 560 504 627 ut
517 576 552 628 se
561 553 651 627 sinat
663 553 800 650 culpam
810 551 1030 627 matrimonio
1041 551 1229 662 corrigere,

166 690 201 757 et
214 680 393 757 occasione
408 689 483 755 tum
495 681 575 756 date
593 690 726 755 veteres
745 678 861 752 sordes
877 677 1029 767 eluendi,
1046 700 1113 751 non
1132 677 1233 751 absti-

168 817 224 882 net
241 807 324 904 quin
340 829 444 881 novas
463 806 565 880 simul
585 805 777 880 contrabat.
797 803 961 892 Quamvis
976 803 1070 878 euim
1086 826 1231 899 puerum

168 932 360 1008 meretricia
382 931 503 1007 fraude
523 932 735 1029 suppositum
757 954 778 1004 a
797 953 832 1004 se
852 953 871 1004 c
891 929 1037 1003 Calliclis
1053 928 1124 1002 filia
1144 952 1233 1026 pro-

168 1066 320 1132 creatum
334 1079 408 1132 esse
422 1057 604 1146 audiverit,
626 1056 719 1130 hunc
733 1064 848 1129 tamen
869 1053 1056 1129 Phronesio
1071 1051 1231 1128 fraudem

168 1184 339 1280 inceptam
352 1183 522 1258 conticere
536 1190 571 1256 et
593 1181 738 1256 militem
754 1181 896 1254 omnino
909 1180 1063 1276 expilare
1079 1179 1231 1276 cupienti

166 1305 1232 1406 aliquctdiesrelinqneresustinet,fallaoiaesimnletqurastus

166 1433 275 1508 futuri
293 1434 473 1530 particeps.
503 1432 599 1506 rlddc
617 1456 698 1506 eum
722 1432 848 1505 caelibis
868 1432 947 1504 vitae
967 1429 1090 1504 liberas
1108 1429 1229 1527 volup·
1288 1413 1292 1420 ¹

167 1567 254 1634 tates
268 1560 320 1634 vel
336 1559 370 1631 in
383 1557 604 1632 matrimonio
622 1565 839 1632 retenturum
857 1579 943 1644 esse,
957 1565 991 1631 ct
1008 1556 1051 1628 ab
1062 1555 1175 1628 amica
1186 1555 1233 1627 ita

167 1685 261 1759 abire
287 1693 325 1758 ut
350 1685 498 1759 reditum
519 1682 717 1774 meditetur,
744 1683 853 1756 muris
876 1682 1070 1778 exemplum
1093 1680 1137 1755 ab
1161 1683 1233 1777 ipsa

168 1809 355 1884 Phronesio
367 1809 520 1884 oblatum
537 1819 742 1900 secuturus,¹

238 2005 355 2061 AEtatem
372 2005 420 2078 qui
432 2005 479 2062 uni
493 2005 576 2062 cubili
589 2023 739 2080 numquam
752 2006 897 2062 committit
910 2023 997 2073 suam,

241 2095 319 2164 Quia,
335 2095 358 2151 si
372 2113 456 2152 unum
471 2097 571 2152 ostium
586 2096 752 2165 obsideatur,
768 2096 842 2153 aliud
856 2095 1013 2171 perfugium
1035 2098 1156 2170 quaerit(
1177 2101 1196 2170 ).

167 2267 259 2355 Quid
274 2269 348 2367 ejus
364 2269 567 2367 turpitudini
585 2270 689 2368 possit
707 2271 872 2346 accedere
890 2269 1028 2345 difficile
1047 2272 1231 2368 excogites,

169 2417 278 2490 quum
311 2393 490 2469 honestum
518 2419 621 2470 omne
651 2404 816 2493 proterat,
845 2406 880 2470 et
906 2396 1030 2472 ceteris
1056 2396 1233 2470 Phronesii

169 2519 379 2595 amatoribus
398 2544 434 2595 se
448 2521 586 2595 tertium
608 2521 754 2595 adscribi
776 2521 938 2618 patiatur,
961 2529 1097 2595 tantum
1118 2521 1151 2594 in
1175 2543 1234 2594 so-

168 2641 291 2718 cietate
304 2641 478 2718 fraudium
492 2653 526 2719 et
537 2645 736 2742 rapinarum
749 2646 878 2742 primas
889 2655 1003 2743 partes
1018 2646 1183 2721 retinens.

217 2769 315 2856 Quod
331 2768 374 2843 ad
388 2770 550 2844 Dinarchi
568 2771 690 2844 rivales
711 2771 846 2861 attinet,
866 2771 912 2843 illi
933 2772 983 2845 vel
1002 2771 1144 2859 stolidis,
1165 2773 1232 2863 vel,

169 2902 207 2970 ut
227 2895 310 2968 itam
326 2895 453 2985 dicam,
470 2895 628 2970 belluinis
648 2897 802 2970 moribus
824 2897 988 2995 insignes,
1007 2896 1139 2996 indigui
1155 2906 1235 2971 sunt

168 3019 228 3118 qui
247 3043 309 3095 nos
323 3020 381 3094 diu
398 3019 586 3095 detineant.
612 3022 718 3111 Alter,
740 3022 989 3120 Stratophanes
1010 3021 1120 3115 miles,
1143 3023 1233 3096 utin

168 3145 288 3234 armis,
314 3144 361 3219 sic
385 3146 419 3218 in
445 3168 564 3221 amore
585 3146 661 3243 plus
686 3169 786 3243 aequo
814 3147 877 3221 sibi
906 3147 1025 3238 sumit,
1052 3170 1233 3242 puerume

168 3271 280 3344 vicina
302 3270 406 3346 domo
432 3280 571 3369 raptum
589 3295 689 3344 suum
713 3293 875 3346 essenon
899 3272 1046 3363 dubitat,
1077 3273 1175 3371 eujus
1198 3273 1234 3346 in

168 3405 290 3470 tenera
307 3403 407 3471 aetate
437 3396 575 3473 bellicas
598 3395 739 3474 virtutes
754 3398 829 3496 jam
857 3397 1054 3474 manifestas
1077 3399 1232 3486 miretur,

169 3529 203 3596 et
227 3520 269 3596 ad
297 3521 516 3597 educandum
534 3523 654 3596 Martis
677 3522 784 3596 filium
807 3523 973 3622 quidquid
1001 3532 1112 3621 potest
1137 3525 1235 3598 laetus

170 3647 335 3744 largitum
352 3671 461 3745 quum
473 3671 567 3738 vero,
591 3649 686 3747 gravi
703 3649 807 3746 patris
823 3672 928 3725 onere
948 3659 1120 3747 suscepto,
1137 3659 1236 3748 grata

170 3773 332 3847 amatoris
346 3773 428 3871 jura
448 3773 511 3847 sibi
531 3774 692 3860 vindicat,
725 3775 1017 3871 pulchritudinem
1043 3799 1139 3849 suam
1165 3798 1233 3851 non

170 3898 251 3972 satis
265 3899 363 3997 larga
376 3897 578 3974 liberalitate
596 3901 875 3976 commendatam
886 3900 1050 3997 opulenta
1062 3900 1234 3975 Strabaeis

170 4023 359 4100 rusticitate
386 4024 476 4099 vinci
500 4027 615 4118 sentit,
633 4036 668 4102 et
681 4050 798 4102 ensem
817 4028 980 4104 obtusum
998 4027 1232 4125 nequidquam

202 4229 236 4294 (l)
256 4229 366 4291 Tradat,
379 4230 453 4292 1v‚l.
