3330 5258
606 527 646 536 ...
666 492 704 554 67
725 527 766 538 .-

152 633 323 701 amatores
341 626 385 700 ab
403 634 550 723 utroque
564 624 711 723 depicti‘t
725 625 780 700 lae
793 627 935 714 itaesse,
950 625 1017 700 hoe
1028 626 1132 701 etiam
1146 635 1222 701 tum

154 752 382 849 quarendum
399 752 441 824 sit
460 774 523 827 cur
543 752 629 825 alter
644 751 718 839 hos,
737 751 812 825 illos
834 752 920 826 alter
940 751 1125 826 imitandos
1149 753 1224 827 ele-

152 877 251 975 gerit.
276 876 367 965 Quid
393 881 628 974 tercianam
651 876 982 973 eumdempoetam,
1006 900 1131 974 nempe
1145 879 1223 953 Me-

153 1002 341 1092 nandrum,
366 1011 512 1097 uterque
533 1001 700 1098 sequitur,
723 1009 761 1075 ut
776 1000 815 1074 fit
837 1001 870 1073 in
889 1001 1116 1075 Bacchidibus
1132 1011 1168 1076 et
1187 1004 1223 1076 in

153 1127 303 1216 Andria,
321 1151 407 1201 num
426 1127 542 1200 miuus
560 1124 712 1224 dispares
727 1133 897 1200 amatores
914 1126 1103 1201 inducunt?
1122 1151 1222 1217 num,

155 1253 303 1350 exempli
331 1252 461 1352 gratie,
488 1251 694 1326 Pistoclerus
720 1250 850 1349 aliquid
883 1251 990 1326 refert
1021 1247 1162 1348 pudoris
1189 1253 1223 1325 in

154 1377 335 1474 Pamphilo
359 1376 566 1451 eminentis?
595 1400 680 1449 num
709 1376 799 1450 ullus
823 1376 1048 1450 Terentianus
1074 1386 1222 1468 amator,

154 1504 187 1576 in
220 1502 371 1601 qualibet
395 1501 510 1576 fabula
535 1525 556 1574 a
582 1498 771 1576 Menandro
796 1501 974 1590 translata,
998 1502 1047 1575 ita
1067 1526 1224 1600 unquam

85 1719 87 1724 ,
155 1628 279 1726 desipit
312 1637 350 1701 ut
377 1621 577 1724 assequatur
609 1626 790 1700 stultitiam
820 1626 1086 1716 Alcesimarehi,
1120 1652 1223 1725 quern

154 1753 355 1827 Plautinum
399 1761 589 1826 amatorem
632 1774 651 1825 e
692 1751 881 1826 Menandro
926 1762 1105 1850 sumptum
1149 1777 1223 1830 esse

154 1879 306 1953 maxime
316 1878 494 1975 probabile
505 1875 829 1971 esttll‘tltill'erunt,
845 1879 1114 1968 measententia,
1126 1879 1225 1953 Plau·

153 2012 214 2085 tini
232 2021 268 2087 et
282 2013 479 2088 Terentiani
495 2020 679 2102 amatores,
702 2012 815 2086 minus
836 2012 919 2108 quia
937 2011 1101 2087 differunt
1120 2016 1224 2112 graeci

153 2138 349 2234 scriptores,
394 2161 477 2236 quos
521 2147 667 2235 uterque
695 2137 956 2234 interpretatur,
995 2161 1098 2235 quam
1141 2141 1224 2237 quia

143 2262 268 2336 differt
291 2263 325 2334 in
351 2272 496 2359 utroque
512 2262 761 2359 interpretandi
783 2262 916 2350 modus;
936 2262 1109 2337 diversum
1127 2266 1221 2338 enim

151 2389 264 2461 Plauti
282 2395 316 2461 et
332 2388 483 2463 Terentii
503 2388 695 2486 ingenium,
712 2388 880 2480 dirersuS,
897 2387 940 2462 ad
956 2413 1062 2486 quem
1076 2391 1223 2488 quisque

152 2512 275 2602 tendit,
297 2511 390 2597 linis,
404 2512 575 2588 diversam
592 2513 914 2611 interpretationem
929 2513 1072 2589 faciunt.

151 2685 213 2733 latas
223 2699 228 2731 :
240 2683 381 2744 Bacchides,
393 2682 569 2744 cistellensem,
583 2683 729 2742 Poenalam;
739 2683 844 2734 totidem
854 2699 868 2732 a
878 2685 1036 2734 Philemone:
1050 2685 1223 2746 Mercatorem,

151 2764 340 2826 Mostellariam,
361 2764 548 2824 Trinummam;
559 2767 621 2815 duas
635 2779 649 2814 a
663 2765 777 2826 Diphilo:
793 2763 937 2815 Asinariam
954 2770 980 2815 et
992 2766 1146 2828 Rudentem;
1159 2771 1225 2818 unde

152 2851 254 2907 apparet
275 2845 301 2893 in
322 2846 362 2894 his
383 2846 472 2895 tabulis
494 2847 607 2895 Plautum
629 2859 699 2895 novae
713 2845 841 2895 comoediae
856 2847 992 2908 scriptores
1007 2851 1117 2897 secutum
1130 2849 1223 2898 luisse:

153 2930 253 2986 ceterae,
277 2941 364 2990 nempe
383 2926 511 2990 Epidicus,
530 2925 602 2976 Miles
623 2925 753 2990 pluriores,
775 2925 921 2986 Pseudolus,
945 2927 1117 2988 henschenius,
1140 2944 1153 2978 e
1176 2945 1224 2991 quo

152 3007 218 3056 tonte
227 3009 322 3057 haustae
332 3008 390 3067 sint,
402 3007 512 3056 nescitur
527 3007 596 3070 (Vide
605 3006 704 3068 Teuffel,
714 3006 907 3058 Gesahiahteder
915 3007 993 3059 linem.
1006 3008 1141 3066 literatus,
1152 3008 1223 3070 1815,

152 3101 175 3148 p.
198 3085 264 3150 153).
287 3087 415 3135 Terentius
442 3091 532 3146 autem,
555 3087 597 3148 qui
621 3100 664 3134 sex
686 3087 784 3134 tabulas
805 3085 910 3148 scripsit,
936 3087 962 3135 in
979 3088 1045 3135 nulla
1067 3101 1116 3136 non
1136 3102 1222 3138 novam

153 3167 299 3216 comoedianr
320 3167 447 3228 imitatum
470 3169 531 3216 duas
554 3169 585 3215 ab
605 3168 751 3228 Apollodoro
772 3167 880 3230 Carystio
899 3167 1041 3216 transtulit:
1054 3167 1175 3231 Hecyram
1200 3175 1224 3217 et

154 3247 345 3305 Phormionem·
367 3252 463 3296 ceteras
484 3262 498 3295 a
520 3248 664 3307 Menandro,
679 3248 722 3294 sed
739 3260 768 3294 ea
782 3246 896 3295 libertate
916 3261 984 3307 usus,
1005 3252 1034 3296 ut
1053 3250 1114 3297 duas
1133 3249 1223 3310 saepius

152 3328 248 3376 tabulas
259 3328 286 3375 in
298 3341 371 3375 unam
384 3327 520 3386 miscuerit,
536 3341 591 3388 quaa
606 3325 784 3376 contaminatio
794 3327 839 3386 est,
852 3326 948 3375 seilicet
957 3326 1081 3377 Andriam
1094 3333 1120 3376 et
1131 3329 1224 3378 Perin-

155 3409 243 3468 thiam,
256 3407 406 3457 h'nnacham
418 3413 443 3455 et
455 3405 579 3468 Colacem,
595 3411 668 3468 atque
683 3407 758 3454 etiam
772 3409 849 3455 semel
863 3407 945 3456 locum
958 3422 972 3456 e
986 3408 1084 3470 Diphilo
1100 3415 1223 3470 sumptum

153 3487 271 3552 Adelphis
285 3488 424 3548 inseruerit,
439 3493 467 3537 ut
480 3501 511 3536 ex
526 3487 603 3550 ipsius
616 3487 758 3536 testimonio
773 3491 857 3549 patet:
1209 3497 1212 3502 ·

339 3603 594 3668 Synapothnescontes
609 3603 701 3666 Diphili
716 3604 878 3652 comoediast:

341 3688 400 3734 Eam
414 3685 607 3737 Commorientis
620 3687 721 3735 Plautus
736 3684 796 3733 lecit
808 3685 924 3734 tabulam.

343 3767 372 3814 ln
387 3769 472 3816 Graeca
486 3769 632 3816 adulescens
646 3770 692 3826 est,
709 3765 751 3828 qui
766 3766 849 3814 lenoni
867 3766 941 3827 eripit

341 3846 495 3895 Meretricem
509 3847 536 3894 in
549 3846 628 3909 prima
642 3847 741 3895 tabula:
757 3859 813 3894 eum
828 3846 928 3894 Plautus
940 3845 1021 3895 locum

340 3926 449 3987 Reliquit
463 3926 593 3989 integrum.
608 3929 668 3976 Eum
682 3928 723 3975 hic
735 3927 816 3975 laeum
830 3926 934 3989 sumpsit
946 3927 994 3976 sihi

342 4007 368 4054 ln
381 4006 514 4070 Adelphos,
529 4010 630 4056 verbum
643 4008 674 4057 de
686 4008 760 4056 verbo
774 4020 916 4069 expressum
931 4007 1026 4056 extulit.

185 4121 218 4185 (1)
236 4122 370 4171 Nonnullos
392 4122 520 4170 Menandri
537 4099 627 4171 ¹versus
641 4137 712 4184 paene
726 4125 756 4171 ad
772 4125 875 4172 verbum
895 4123 1020 4188 transtulit
1039 4125 1146 4172 Plautus.
1165 4123 1224 4170 Vide
1278 4161 1279 4166 ,

154 4202 274 4261 hatneke,
293 4202 445 4266 Frapmenta
460 4202 613 4254 comicorum
632 4216 781 4266 praecorum,
796 4203 872 4252 editio
885 4205 975 4265 minor,
994 4205 1025 4265 ΙΙ,
1038 4218 1061 4266 p.
1077 4202 1131 4252 978.
1148 4205 1225 4252 Bero-

154 4283 208 4343 tini,
225 4281 296 4332 1817.
