3330 5258
621 507 652 512 --
673 473 759 530 85..

156 599 491 675 aritiumanimorum
512 609 625 675 motus
639 599 766 699 gaudet
786 601 943 686 reddere,
961 611 1173 678 ttrmeeecanr
1187 614 1220 678 et

153 725 388 798 suavissimam
404 724 580 813 fitltrciam,
590 735 661 798 lum
669 726 916 799 amarissimam
930 726 1216 822 desperationem,

158 851 417 948 «suspiciones,
453 851 661 940 inimicitias,
696 851 857 940 indutias,
904 851 1051 940 bellum,
1097 876 1216 949 pacem

152 999 288 1049 rursum
310 1003 326 1041 υ
354 984 388 1050 et
410 984 486 1072 pust
506 976 627 1051 breves
650 976 838 1051 discordias
873 1007 889 1043 ι
909 977 1034 1050 amoris
1060 977 1218 1078 integra-

150 1100 277 1177 tionem
290 1131 327 1181 »ι
342 1102 434 1175 aetati
451 1101 716 1192 florentissimae,
734 1103 836 1175 tantis
851 1102 949 1175 horris
972 1111 1095 1193 auotae,
1115 1105 1217 1177 tantis

149 1226 327 1324 leporibus
360 1227 547 1316 decorata,
573 1236 693 1324 sponte
720 1226 811 1301 lavet
835 1235 868 1301 et
900 1226 1042 1315 arridet,
1075 1237 1215 1303 venuste

148 1353 379 1427 lascivientem
396 1352 547 1426 humane
570 1352 738 1450 depingit,
758 1374 936 1448 nunquam
950 1362 1064 1426 autem
1084 1353 1164 1426 sinit
1179 1353 1212 1426 in

151 1478 253 1551 ullam
281 1477 532 1574 turpitudinem
559 1477 686 1552 delabi.
710 1477 826 1565 Quum
866 1477 1019 1573 impuros
1038 1486 1071 1550 et
1099 1477 1213 1552 libidi-

148 1625 248 1678 nosos
262 1603 506 1692 adolescentes,
533 1611 570 1676 ut
595 1602 642 1676 ita
665 1602 792 1690 dicam,
818 1609 968 1698 respuat,
985 1601 1027 1676 ad
1042 1602 1116 1676 illos
1138 1605 1211 1678 lle-

147 1728 315 1802 nandreos
328 1737 498 1802 amatores
514 1727 696 1802 imitandos
709 1728 858 1800 niaxime
870 1726 1031 1823 proclivis
1045 1735 1210 1824 est,·qnos

145 1852 351 1927 Plutarchus
363 1854 458 1927 nulla
474 1852 567 1928 foeda
582 1852 845 1949 intemperantia
862 1851 1059 1948 inquinatos
1076 1853 1205 1944 laudat,

145 1985 178 2052 et
191 1978 290 2052 nobis
308 1978 456 2054 ostendit
474 2001 567 2052 nunc
589 1979 744 2052 alenone
757 1975 873 2051 dulces
896 1976 1035 2050 insidias
1055 1985 1207 2052 struente

143 2115 315 2198 caventes,
336 2114 371 2182 et
397 2105 440 2180 ab
463 2104 609 2181 inductis
637 2102 794 2179 lorinosis
817 2101 987 2200 lautisque
1013 2102 1206 2179 meretrici·

141 2229 205 2306 bus
217 2231 681 2308 timidosoonlosavertentes
699 2228 761 2328 (l),
775 2228 921 2304 nunciis
935 2234 1066 2304 tautum
1081 2227 1204 2326 volup·

141 2355 267 2431 tatibus
286 2355 503 2455 indulgentes
521 2380 607 2455 quas
621 2353 820 2453 reprehensi
839 2376 881 2430 ac
899 2352 1105 2452 prenitentes
1123 2375 1202 2428 mox

140 2481 329 2557 intercisnri
353 2483 433 2572 sint,
460 2491 520 2556 ant
542 2482 643 2580 justis
665 2481 792 2578 nuptiis
818 2479 925 2556 licitas
949 2477 1105 2556 effecturi
1131 2479 1142 2578 (
1169 2479 1198 2576 ).
1270 2551 1275 2559 .

140 2606 233 2682 Alios
246 2607 350 2681 etiam
366 2607 430 2681 illis
442 2606 714 2682 adolescentibus
724 2604 1063 2682 melioresofferebat
1074 2607 1202 2682 Teren-

137 2733 183 2807 tio
198 2731 403 2823 Menander,
420 2756 523 2830 quem
538 2732 724 2829 Euripidis,
743 2733 916 2828 scriptoris
930 2732 963 2805 in
981 2732 1201 2808 miseratione

139 2857 306 2932 movenda
332 2858 510 2955 praecipui,
536 2857 779 2932 admiratorem
803 2866 837 2931 et
858 2858 1065 2934 imitatorem
1093 2857 1198 2932 fnisse

135 2984 367 3073 Quintilianus
384 2982 502 3072 refert,
525 2983 655 3058 scilieet
672 3005 751 3057 vere
771 2983 897 3057 eximio
917 2992 950 3056 et
967 2983 1059 3057 molli
1078 2983 1196 3059 animo

135 3109 336 3200 eminentes
362 3109 405 3184 ad
431 3131 586 3182 amorem
611 3109 684 3205 ipsa
703 3108 939 3182 misericordia
963 3107 1141 3194 adductos,
1164 3120 1198 3184 et

134 3231 1197 3332 puellisdesertisetegentiltus,hocipsoquodeaeomniauxilio

165 3441 197 3504 (l)
220 3447 273 3494 Τῶν
288 3442 355 3506 παρὰ
370 3446 404 3508 τῷ
423 3442 553 3508 Μενάνδρῳ
568 3442 699 3492 νεανίσκων
713 3440 762 3490 ὑπὸ
775 3447 819 3490 τοῦ
842 3443 1013 3505 πορνοίοσκοῡ
1034 3440 1101 3504 παρὰ
1121 3440 1196 3492 πότον

145 3519 352 3586 πιὸουλευομένων
362 3523 440 3580 καλὰς
453 3523 495 3574 καὶ
505 3525 643 3578 πολυτελεῖς
651 3515 791 3583 εἰσάγοντος
805 3519 909 3583 ἑταίρας,
923 3516 1055 3578 Ἕκαστος,
1070 3515 1102 3575 ὣς
1115 3538 1194 3585 φησιν,

364 3657 450 3722 liddon<
467 3654 491 3716 ἐς
510 3658 594 3718 αὑτὸν,
616 3665 663 3707 τῶν
679 3656 843 3722 τραγημάτων
863 3655 932 3720 ἔφλα,

129 3783 305 3849 φυλαττόμενος
318 3786 359 3837 καὶ
374 3785 522 3850 φοὸοίμενος
541 3780 677 3849 ἐμὸλέιιειν.
697 3783 742 3846 (lle
756 3782 841 3842 suan,
858 3779 908 3846 20.)

159 3861 193 3930 (Ξ)
212 3867 276 3917 Οίίτε
297 3867 382 3922 παιδὸς
397 3866 456 3930 Ιε’ρως
479 3861 577 3932 didani<
598 3861 662 3918 ἐστιν
685 3858 709 3914 ἐν
728 3863 852 3920 τοσούτοις
873 3862 1002 3929 δράμασιν·
1019 3861 1046 3914 αί
1063 3881 1090 3914 τε
1112 3862 1198 3930 φθοραὶ

130 3953 175 3996 τῶν
182 3946 309 4014 παρθένων
317 3942 349 4004 εἷς
357 3947 435 4013 γάμον
444 3944 553 4006 ἐπιεικῶς
562 3948 768 4014 καταστρέφουσα
777 3945 809 3998 τὰ
818 3945 844 3997 δὲ
855 3946 913 4012 πρὸς
925 3945 1033 4012 ἑταίρας,
1044 3943 1073 3998 ἃν
1082 3943 1126 4010 μὲν
1139 3941 1197 3996 ὦσιν

129 4019 211 4092 ἰταμαὶ
224 4027 266 4078 καὶ
285 4031 403 4095 θρασεῖαι,
420 4029 576 4081 διακίιπτεται
596 4035 772 4095 σωφρονισμοῖς
789 4045 851 4078 τισιν
864 4027 880 4091 ἢ
895 4029 1032 4092 μετανοίαις
1057 4035 1106 4077 τῶν
1127 4025 1195 4077 νέων·

130 4115 179 4164 ταῖς
191 4105 352 4175 δὲ’χρησταῖς
369 4109 411 4161 καί
431 4105 576 4176 ἀντερώσαις
590 4109 606 4172 ἢ
622 4105 703 4175 πατήρ
717 4125 752 4166 τις
771 4103 939 4176 ἀνευρίσκεται
954 4106 1063 4174 γνήσιος,
1080 4105 1098 4168 ’ἦ
1111 4105 1197 4173 χρόνος

130 4203 162 4247 τις
181 4181 340 4256 ἐπιμετρεῖται
357 4193 390 4256 τῷ
403 4191 482 4256 ἔρωτι,
498 4190 679 4256 συμπεριφορὰν
701 4185 784 4248 αίδοῡς
798 4191 862 4258 ἐ’χων
876 4189 1054 4256 φιλάνθρωπον.
1080 4184 1199 4251 (Quiete,

129 4259 206 4326 conos,
223 4267 274 4328 llll,
291 4268 318 4328 8;
332 4271 388 4319 cell.
401 4269 492 4334 orout.)
