3330 5258
549 649 691 771 'DE

132 997 525 1138 Pitonius
576 1002 661 1136 ut
715 1002 1197 1145 rununrltrns

295 1369 705 1450 ddOLESCENTlBUS
735 1373 1031 1451 nunrouluos

481 2051 839 2141 PROOEMIUM

175 2375 292 2462 Quum
306 2373 469 2446 Plautum
488 2381 524 2447 et
544 2372 744 2446 Terentium
764 2371 800 2444 iu
826 2371 1025 2446 universum
1050 2396 1194 2470 compa-

126 2520 203 2573 rare
216 2497 354 2596 gravius
368 2520 453 2596 epus
471 2520 545 2572 esse
564 2496 734 2589 videatur,
752 2497 838 2569 mihi
860 2496 1041 2571 consilium
1057 2507 1108 2573 est
1131 2500 1194 2574 hos

125 2630 393 2721 poetastautum
412 2623 537 2721 partim
562 2622 743 2721 attingere,
764 2629 798 2697 et
814 2644 834 2697 e
848 2623 950 2697 variis
971 2624 1125 2719 personis
1148 2625 1192 2698 ab

127 2756 273 2846 utroque
292 2749 325 2822 in
350 2770 486 2823 scenam
508 2747 657 2822 inductis
678 2746 913 2823 adolescentes
940 2757 1096 2824 amantes
1119 2750 1193 2823 eri-

125 2897 221 2949 mere
250 2896 336 2971 quos
361 2873 451 2948 inter
478 2895 513 2948 se
538 2871 729 2947 conferam.
745 2873 814 2962 Qui
836 2873 977 2970 quidem
1000 2897 1069 2948 uon
1096 2875 1192 2949 indi-

124 3023 244 3098 gnam,
266 3023 344 3097 qua
363 3007 543 3085 tractetur,
565 2998 744 3074 materiem
762 2999 929 3096 praebent.
951 2999 1190 3075 Adulescentes

124 3126 232 3216 enim,
254 3126 338 3199 dum
365 3124 497 3200 fervent
520 3147 652 3211 amore,
678 3124 762 3198 dum
789 3133 906 3223 optato
930 3125 1109 3222 potiuntur
1133 3135 1191 3200 aut

124 3250 343 3341 fraudantur,
363 3250 554 3348 praecipuas
580 3258 693 3346 partos
716 3250 751 3322 in
780 3249 897 3323 multis
923 3247 1043 3324 fabulis
1063 3262 1185 3350 agunt3
1308 3263 1312 3272 '

124 3376 250 3475 quippe
264 3398 413 3473 quorum
425 3375 631 3472 cupiditates
645 3377 845 3450 meretrices
861 3373 1013 3466 foveant,
1026 3377 1113 3451 servi
1129 3377 1189 3452 ad·

122 3507 253 3596 juvent,
279 3510 406 3601 patres,
431 3501 551 3575 saltem
582 3501 642 3598 qui
667 3501 818 3597 sapiunt,
848 3500 1066 3600 impugnent,
1081 3502 1127 3588 ita
1154 3514 1189 3577 ut

126 3637 216 3702 recte
233 3627 405 3702 existimes
419 3627 538 3701 ambos
556 3634 671 3723 poetas
692 3648 761 3700 non
779 3625 989 3732 mediocrem
1009 3627 1138 3726 ingenii
1154 3637 1189 3702 et

124 3775 237 3850 operae
247 3761 381 3850 partem
396 3737 429 3824 iu
451 3774 509 3827 eos
522 3749 736 3851 effingendos
764 3750 983 3849 impendisse.
1007 3753 1188 3827 Amatores

124 3879 228 3977 igitur
247 3877 397 3974 primum
413 3877 593 3974 inspiciam
614 3876 698 3975 quid
721 3875 813 3975 apud
841 3877 1003 3952 Plautum
1022 3878 1184 3968 sentiant,

124 4005 321 4101 loquantur,
347 4011 465 4101 agant,
493 4003 577 4101 quid
609 4002 701 4102 apud
730 4003 930 4078 Terentium
940 4029 949 4090 ;
979 4002 1104 4078 deinde
1130 4003 1184 4094 iis,

124 4131 247 4228 quibus
266 4132 354 4205 iuter
375 4129 601 4218 sedifferunt,
620 4129 693 4226 jam
716 4128 914 4225 exploratis,
933 4128 1025 4204 unde
1042 4127 1128 4202 fiant
1146 4151 1188 4203 ca

123 4255 319 4332 discrimina
337 4278 399 4353 pro
414 4255 499 4332 meis
512 4253 641 4329 viribus
657 4255 843 4352 explanare
860 4254 1056 4353 aggrediar.

245 4391 344 4432 suarm.
1035 4377 1045 4425 t

546 4759 817 4870 152496
