<?xml version="1.0" encoding="UTF-8"?>
<!DOCTYPE html PUBLIC "-//W3C//DTD XHTML 1.0 Transitional//EN"
    "http://www.w3.org/TR/xhtml1/DTD/xhtml1-transitional.dtd">
<html xmlns="http://www.w3.org/1999/xhtml" xml:lang="en" lang="en">
 <head>
  <title>
</title>
<meta http-equiv="Content-Type" content="text/html;charset=utf-8" />
  <meta name='ocr-system' content='tesseract 3.04.00' />
  <meta name='ocr-capabilities' content='ocr_page ocr_carea ocr_par ocr_line ocrx_word'/>
</head>
<body>
  <div class='ocr_page' id='page_1' title='image "./deplautinisette01bertgoog_0049.png"; bbox 0 0 3330 5258; ppageno 0'>
   <div class='ocr_carea' id='block_1_1' title="bbox 890 445 1049 508">
    <p class='ocr_par' dir='ltr' id='par_1_1' title="bbox 890 445 1049 508">
     <span class='ocr_line' id='line_1_1' title="bbox 890 445 1049 508; baseline -0.013 -14"><span class='ocrx_word' id='word_1_1' title='bbox 890 445 1049 508; x_wconf 81' lang='grc'>..38-</span> 
     </span>
    </p>
   </div>
   <div class='ocr_carea' id='block_1_2' title="bbox 438 579 1505 806">
    <p class='ocr_par' dir='ltr' id='par_1_2' title="bbox 438 579 1505 806">
     <span class='ocr_line' id='line_1_2' title="bbox 438 579 1505 681; baseline 0 -25"><span class='ocrx_word' id='word_1_2' title='bbox 438 582 605 656; x_wconf 84' lang='lat' dir='ltr'>Thrasoni</span> <span class='ocrx_word' id='word_1_3' title='bbox 642 582 801 681; x_wconf 82' lang='lat' dir='ltr'><strong>roganti:</strong></span> <span class='ocrx_word' id='word_1_4' title='bbox 837 581 965 671; x_wconf 82' lang='lat' dir='ltr'>«Quid</span> <span class='ocrx_word' id='word_1_5' title='bbox 990 581 1147 679; x_wconf 81' lang='lat' dir='ltr'>agimns‘t</span> <span class='ocrx_word' id='word_1_6' title='bbox 1174 609 1191 650; x_wconf 77' lang='lat' dir='ltr'>a</span> <span class='ocrx_word' id='word_1_7' title='bbox 1225 580 1363 656; x_wconf 79' lang='lat' dir='ltr'>Gnatho</span> <span class='ocrx_word' id='word_1_8' title='bbox 1394 579 1505 656; x_wconf 83' lang='lat' dir='ltr'>facete</span> 
     </span>
     <span class='ocr_line' id='line_1_3' title="bbox 438 708 648 806; baseline -0.01 -24"><span class='ocrx_word' id='word_1_9' title='bbox 438 708 623 806; x_wconf 82' lang='lat' dir='ltr'>respondet</span> <span class='ocrx_word' id='word_1_10' title='bbox 640 732 648 780; x_wconf 92' lang='lat'>:</span> 
     </span>
    </p>
   </div>
   <div class='ocr_carea' id='block_1_3' title="bbox 510 910 1414 1165">
    <p class='ocr_par' dir='ltr' id='par_1_3' title="bbox 510 910 1414 1165">
     <span class='ocr_line' id='line_1_4' title="bbox 510 910 1414 986; baseline 0 -18"><span class='ocrx_word' id='word_1_11' title='bbox 510 911 605 978; x_wconf 79' lang='lat' dir='ltr'>Quid?</span> <span class='ocrx_word' id='word_1_12' title='bbox 617 911 661 968; x_wconf 90' lang='lat' dir='ltr'>isti</span> <span class='ocrx_word' id='word_1_13' title='bbox 674 921 701 968; x_wconf 91' lang='lat' dir='ltr'>te</span> <span class='ocrx_word' id='word_1_14' title='bbox 714 910 894 984; x_wconf 82' lang='lat' dir='ltr'><strong>ignorabant:</strong></span> <span class='ocrx_word' id='word_1_15' title='bbox 910 919 1054 986; x_wconf 82' lang='lat' dir='ltr'>postquam</span> <span class='ocrx_word' id='word_1_16' title='bbox 1066 911 1106 968; x_wconf 91' lang='lat' dir='ltr'>eis</span> <span class='ocrx_word' id='word_1_17' title='bbox 1119 928 1210 968; x_wconf 89' lang='lat' dir='ltr'>mores</span> <span class='ocrx_word' id='word_1_18' title='bbox 1223 911 1329 968; x_wconf 89' lang='lat' dir='ltr'>ostendi</span> <span class='ocrx_word' id='word_1_19' title='bbox 1344 919 1414 981; x_wconf 79' lang='lat' dir='ltr'>tuna,</span> 
     </span>
     <span class='ocr_line' id='line_1_5' title="bbox 510 1000 1220 1068; baseline -0.001 -10"><span class='ocrx_word' id='word_1_20' title='bbox 510 1002 543 1059; x_wconf 86' lang='lat' dir='ltr'>Et</span> <span class='ocrx_word' id='word_1_21' title='bbox 556 1000 715 1058; x_wconf 82' lang='lat' dir='ltr'>conlaudavi</span> <span class='ocrx_word' id='word_1_22' title='bbox 731 1003 879 1059; x_wconf 87' lang='lat' dir='ltr'>secundum</span> <span class='ocrx_word' id='word_1_23' title='bbox 893 1002 966 1058; x_wconf 86' lang='lat' dir='ltr'>lacta</span> <span class='ocrx_word' id='word_1_24' title='bbox 980 1009 1007 1058; x_wconf 88' lang='lat' dir='ltr'>et</span> <span class='ocrx_word' id='word_1_25' title='bbox 1021 1002 1136 1058; x_wconf 86' lang='lat' dir='ltr'>virtutes</span> <span class='ocrx_word' id='word_1_26' title='bbox 1147 1008 1220 1068; x_wconf 91' lang='lat' dir='ltr'>tuas,</span> 
     </span>
     <span class='ocr_line' id='line_1_6' title="bbox 510 1091 710 1165; baseline -0.01 -17"><span class='ocrx_word' id='word_1_27' title='bbox 510 1091 646 1165; x_wconf 84' lang='lat' dir='ltr'>Inpetravi</span> <span class='ocrx_word' id='word_1_28' title='bbox 661 1091 710 1161; x_wconf 84' lang='lat' dir='ltr'>(l).</span> 
     </span>
    </p>
   </div>
   <div class='ocr_carea' id='block_1_4' title="bbox 439 1273 1513 4138">
    <p class='ocr_par' dir='ltr' id='par_1_4' title="bbox 439 1273 1501 1498">
     <span class='ocr_line' id='line_1_7' title="bbox 439 1273 1501 1370; baseline -0.003 -21"><span class='ocrx_word' id='word_1_29' title='bbox 439 1275 606 1364; x_wconf 81' lang='lat' dir='ltr'>Risimus,</span> <span class='ocrx_word' id='word_1_30' title='bbox 651 1274 764 1348; x_wconf 86' lang='lat' dir='ltr'>salvus</span> <span class='ocrx_word' id='word_1_31' title='bbox 803 1281 855 1348; x_wconf 89' lang='lat' dir='ltr'>est</span> <span class='ocrx_word' id='word_1_32' title='bbox 886 1273 1067 1362; x_wconf 89' lang='lat' dir='ltr'>Phaedria,</span> <span class='ocrx_word' id='word_1_33' title='bbox 1109 1273 1348 1370; x_wconf 87' lang='lat' dir='ltr'>gravioremve</span> <span class='ocrx_word' id='word_1_34' title='bbox 1383 1273 1501 1348; x_wconf 89' lang='lat' dir='ltr'>saltem</span> 
     </span>
     <span class='ocr_line' id='line_1_8' title="bbox 441 1397 880 1498; baseline -0.005 -23"><span class='ocrx_word' id='word_1_35' title='bbox 441 1401 728 1496; x_wconf 82' lang='lat' dir='ltr'>vituperationem</span> <span class='ocrx_word' id='word_1_36' title='bbox 743 1397 811 1474; x_wconf 87' lang='lat' dir='ltr'>effu</span> <span class='ocrx_word' id='word_1_37' title='bbox 817 1399 880 1498; x_wconf 86' lang='lat' dir='ltr'>git.</span> 
     </span>
    </p>

    <p class='ocr_par' dir='ltr' id='par_1_5' title="bbox 440 1523 1513 4138">
     <span class='ocr_line' id='line_1_9' title="bbox 490 1523 1500 1622; baseline -0.002 -24"><span class='ocrx_word' id='word_1_38' title='bbox 490 1525 584 1598; x_wconf 79' lang='lat' dir='ltr'>Alius</span> <span class='ocrx_word' id='word_1_39' title='bbox 594 1524 629 1597; x_wconf 94' lang='lat' dir='ltr'>in</span> <span class='ocrx_word' id='word_1_40' title='bbox 641 1525 853 1599; x_wconf 77' lang='lat' dir='ltr'>Phormione</span> <span class='ocrx_word' id='word_1_41' title='bbox 869 1524 1079 1613; x_wconf 82' lang='lat' dir='ltr'>adolescens,</span> <span class='ocrx_word' id='word_1_42' title='bbox 1093 1523 1263 1598; x_wconf 89' lang='lat' dir='ltr'>Phaedriae</span> <span class='ocrx_word' id='word_1_43' title='bbox 1272 1525 1500 1622; x_wconf 87' lang='lat' dir='ltr'>cognominis,</span> 
     </span>
     <span class='ocr_line' id='line_1_10' title="bbox 440 1648 1505 1747; baseline -0.003 -22"><span class='ocrx_word' id='word_1_44' title='bbox 440 1650 535 1725; x_wconf 92' lang='lat' dir='ltr'>haud</span> <span class='ocrx_word' id='word_1_45' title='bbox 548 1672 629 1725; x_wconf 91' lang='lat' dir='ltr'>sane</span> <span class='ocrx_word' id='word_1_46' title='bbox 645 1650 788 1725; x_wconf 85' lang='lat' dir='ltr'>eximios</span> <span class='ocrx_word' id='word_1_47' title='bbox 803 1672 938 1725; x_wconf 92' lang='lat' dir='ltr'>amores</span> <span class='ocrx_word' id='word_1_48' title='bbox 949 1648 1059 1737; x_wconf 80' lang='lat' dir='ltr'>lovat3</span> <span class='ocrx_word' id='word_1_49' title='bbox 1077 1672 1229 1747; x_wconf 89' lang='lat' dir='ltr'>namque</span> <span class='ocrx_word' id='word_1_50' title='bbox 1247 1648 1380 1747; x_wconf 91' lang='lat' dir='ltr'>deperit</span> <span class='ocrx_word' id='word_1_51' title='bbox 1398 1650 1505 1724; x_wconf 89' lang='lat' dir='ltr'>eitha-</span> 
     </span>
     <span class='ocr_line' id='line_1_11' title="bbox 441 1774 1502 1868; baseline -0.004 -18"><span class='ocrx_word' id='word_1_52' title='bbox 441 1776 605 1863; x_wconf 90' lang='lat' dir='ltr'>ristriam‚</span> <span class='ocrx_word' id='word_1_53' title='bbox 633 1799 697 1850; x_wconf 89' lang='lat' dir='ltr'>nec</span> <span class='ocrx_word' id='word_1_54' title='bbox 721 1777 755 1849; x_wconf 93' lang='lat' dir='ltr'>in</span> <span class='ocrx_word' id='word_1_55' title='bbox 778 1775 844 1851; x_wconf 91' lang='lat' dir='ltr'>hoc</span> <span class='ocrx_word' id='word_1_56' title='bbox 874 1775 1040 1849; x_wconf 83' lang='lat' dir='ltr'>Plautinis</span> <span class='ocrx_word' id='word_1_57' title='bbox 1066 1774 1340 1850; x_wconf 83' lang='lat' dir='ltr'>adolescentibus</span> <span class='ocrx_word' id='word_1_58' title='bbox 1369 1775 1502 1868; x_wconf 90' lang='lat' dir='ltr'>melior,</span> 
     </span>
     <span class='ocr_line' id='line_1_12' title="bbox 442 1899 1501 1998; baseline -0.001 -23"><span class='ocrx_word' id='word_1_59' title='bbox 442 1923 507 1976; x_wconf 91' lang='lat' dir='ltr'>nec</span> <span class='ocrx_word' id='word_1_60' title='bbox 525 1899 630 1975; x_wconf 89' lang='lat' dir='ltr'>etiam</span> <span class='ocrx_word' id='word_1_61' title='bbox 661 1900 795 1997; x_wconf 87' lang='lat' dir='ltr'>opibus,</span> <span class='ocrx_word' id='word_1_62' title='bbox 831 1900 954 1998; x_wconf 89' lang='lat' dir='ltr'>quibus</span> <span class='ocrx_word' id='word_1_63' title='bbox 982 1899 1129 1974; x_wconf 84' lang='lat' dir='ltr'>amicam</span> <span class='ocrx_word' id='word_1_64' title='bbox 1165 1900 1324 1986; x_wconf 88' lang='lat' dir='ltr'>redimat,</span> <span class='ocrx_word' id='word_1_65' title='bbox 1358 1900 1501 1976; x_wconf 85' lang='lat' dir='ltr'>auctior.</span> 
     </span>
     <span class='ocr_line' id='line_1_13' title="bbox 442 2024 1505 2122; baseline -0.004 -22"><span class='ocrx_word' id='word_1_66' title='bbox 442 2027 603 2101; x_wconf 81' lang='lat' dir='ltr'>Attamen</span> <span class='ocrx_word' id='word_1_67' title='bbox 614 2026 657 2101; x_wconf 91' lang='lat' dir='ltr'>ad</span> <span class='ocrx_word' id='word_1_68' title='bbox 670 2026 828 2101; x_wconf 90' lang='lat' dir='ltr'>eamdem</span> <span class='ocrx_word' id='word_1_69' title='bbox 845 2026 1000 2122; x_wconf 92' lang='lat' dir='ltr'>inopiam</span> <span class='ocrx_word' id='word_1_70' title='bbox 1010 2024 1170 2099; x_wconf 88' lang='lat' dir='ltr'>redactus</span> <span class='ocrx_word' id='word_1_71' title='bbox 1185 2048 1254 2099; x_wconf 92' lang='lat' dir='ltr'>non</span> <span class='ocrx_word' id='word_1_72' title='bbox 1271 2025 1318 2099; x_wconf 92' lang='lat' dir='ltr'>ita</span> <span class='ocrx_word' id='word_1_73' title='bbox 1328 2025 1505 2122; x_wconf 89' lang='lat' dir='ltr'>cupiditati</span> 
     </span>
     <span class='ocr_line' id='line_1_14' title="bbox 443 2149 1505 2245; baseline -0.002 -19"><span class='ocrx_word' id='word_1_74' title='bbox 443 2151 596 2245; x_wconf 90' lang='lat' dir='ltr'>inservit,</span> <span class='ocrx_word' id='word_1_75' title='bbox 610 2159 647 2225; x_wconf 92' lang='lat' dir='ltr'>ut</span> <span class='ocrx_word' id='word_1_76' title='bbox 659 2153 821 2227; x_wconf 88' lang='lat' dir='ltr'>eumdem</span> <span class='ocrx_word' id='word_1_77' title='bbox 838 2151 958 2240; x_wconf 91' lang='lat' dir='ltr'>risum,</span> <span class='ocrx_word' id='word_1_78' title='bbox 969 2151 1090 2225; x_wconf 92' lang='lat' dir='ltr'>eadem</span> <span class='ocrx_word' id='word_1_79' title='bbox 1102 2149 1238 2224; x_wconf 83' lang='lat' dir='ltr'>fastidia</span> <span class='ocrx_word' id='word_1_80' title='bbox 1250 2160 1395 2225; x_wconf 88' lang='lat' dir='ltr'>moveat.</span> <span class='ocrx_word' id='word_1_81' title='bbox 1408 2153 1505 2224; x_wconf 89' lang='lat' dir='ltr'>Hunc</span> 
     </span>
     <span class='ocr_line' id='line_1_15' title="bbox 444 2274 1505 2376; baseline -0.002 -24"><span class='ocrx_word' id='word_1_82' title='bbox 444 2279 537 2352; x_wconf 88' lang='lat' dir='ltr'>enim</span> <span class='ocrx_word' id='word_1_83' title='bbox 569 2279 748 2354; x_wconf 79' lang='lat' dir='ltr'>Terentius</span> <span class='ocrx_word' id='word_1_84' title='bbox 787 2276 898 2351; x_wconf 83' lang='lat' dir='ltr'>laceto</span> <span class='ocrx_word' id='word_1_85' title='bbox 938 2277 1053 2373; x_wconf 91' lang='lat' dir='ltr'>lepore</span> <span class='ocrx_word' id='word_1_86' title='bbox 1092 2276 1246 2376; x_wconf 83' lang='lat' dir='ltr'>depingit</span> <span class='ocrx_word' id='word_1_87' title='bbox 1290 2274 1505 2352; x_wconf 75' lang='lat' dir='ltr'>citharistria</span> 
     </span>
     <span class='ocr_line' id='line_1_16' title="bbox 443 2402 1506 2505; baseline -0.002 -27"><span class='ocrx_word' id='word_1_88' title='bbox 443 2402 1506 2505; x_wconf 82' lang='lat' dir='ltr'>vestigiaservantem,suostautumoculosojuspulchritudine</span> 
     </span>
     <span class='ocr_line' id='line_1_17' title="bbox 443 2528 1508 2628; baseline -0.003 -25"><span class='ocrx_word' id='word_1_89' title='bbox 443 2536 656 2628; x_wconf 86' lang='lat' dir='ltr'>pascentem,</span> <span class='ocrx_word' id='word_1_90' title='bbox 697 2536 732 2602; x_wconf 91' lang='lat' dir='ltr'>et</span> <span class='ocrx_word' id='word_1_91' title='bbox 771 2550 812 2601; x_wconf 94' lang='lat' dir='ltr'>ea</span> <span class='ocrx_word' id='word_1_92' title='bbox 853 2528 979 2626; x_wconf 85' lang='lat' dir='ltr'>exigua</span> <span class='ocrx_word' id='word_1_93' title='bbox 1010 2528 1203 2625; x_wconf 86' lang='lat' dir='ltr'>veluptate,</span> <span class='ocrx_word' id='word_1_94' title='bbox 1248 2551 1358 2626; x_wconf 92' lang='lat' dir='ltr'>quum</span> <span class='ocrx_word' id='word_1_95' title='bbox 1398 2529 1508 2626; x_wconf 87' lang='lat' dir='ltr'>major</span> 
     </span>
     <span class='ocr_line' id='line_1_18' title="bbox 444 2651 1505 2754; baseline -0.004 -26"><span class='ocrx_word' id='word_1_96' title='bbox 444 2663 602 2754; x_wconf 88' lang='lat' dir='ltr'>negatur,</span> <span class='ocrx_word' id='word_1_97' title='bbox 630 2651 699 2726; x_wconf 86' lang='lat' dir='ltr'>frui</span> <span class='ocrx_word' id='word_1_98' title='bbox 724 2660 904 2741; x_wconf 88' lang='lat' dir='ltr'>coaetum;</span> <span class='ocrx_word' id='word_1_99' title='bbox 937 2653 1104 2728; x_wconf 89' lang='lat' dir='ltr'>hactenus</span> <span class='ocrx_word' id='word_1_100' title='bbox 1131 2654 1296 2728; x_wconf 88' lang='lat' dir='ltr'>miserum</span> <span class='ocrx_word' id='word_1_101' title='bbox 1317 2663 1505 2728; x_wconf 91' lang='lat' dir='ltr'>amatorem</span> 
     </span>
     <span class='ocr_line' id='line_1_19' title="bbox 445 2778 1507 2868; baseline 0 -16"><span class='ocrx_word' id='word_1_102' title='bbox 445 2779 572 2868; x_wconf 83' lang='lat' dir='ltr'>illudit,</span> <span class='ocrx_word' id='word_1_103' title='bbox 597 2800 760 2852; x_wconf 84' lang='lat' dir='ltr'>naccum</span> <span class='ocrx_word' id='word_1_104' title='bbox 781 2778 927 2853; x_wconf 91' lang='lat' dir='ltr'>ostendit</span> <span class='ocrx_word' id='word_1_105' title='bbox 949 2779 1041 2854; x_wconf 92' lang='lat' dir='ltr'>diem</span> <span class='ocrx_word' id='word_1_106' title='bbox 1068 2787 1177 2852; x_wconf 87' lang='lat' dir='ltr'>totum</span> <span class='ocrx_word' id='word_1_107' title='bbox 1203 2779 1363 2854; x_wconf 89' lang='lat' dir='ltr'>lamentis</span> <span class='ocrx_word' id='word_1_108' title='bbox 1391 2780 1507 2854; x_wconf 88' lang='lat' dir='ltr'>indul-</span> 
     </span>
     <span class='ocr_line' id='line_1_20' title="bbox 445 2903 1506 3006; baseline -0.004 -26"><span class='ocrx_word' id='word_1_109' title='bbox 445 2914 584 3006; x_wconf 80' lang='lat' dir='ltr'>gentem</span> <span class='ocrx_word' id='word_1_110' title='bbox 600 2915 661 2980; x_wconf 91' lang='lat' dir='ltr'>aut</span> <span class='ocrx_word' id='word_1_111' title='bbox 683 2905 823 3006; x_wconf 88' lang='lat' dir='ltr'>indigna</span> <span class='ocrx_word' id='word_1_112' title='bbox 845 2905 1000 2979; x_wconf 87' lang='lat' dir='ltr'>convicia</span> <span class='ocrx_word' id='word_1_113' title='bbox 1021 2905 1282 3002; x_wconf 88' lang='lat' dir='ltr'>perpetientem.</span> <span class='ocrx_word' id='word_1_114' title='bbox 1311 2903 1506 2978; x_wconf 82' lang='lat' dir='ltr'>Calidorum</span> 
     </span>
     <span class='ocr_line' id='line_1_21' title="bbox 446 3030 1509 3130; baseline -0.004 -23"><span class='ocrx_word' id='word_1_115' title='bbox 446 3040 481 3108; x_wconf 90' lang='lat' dir='ltr'>et</span> <span class='ocrx_word' id='word_1_116' title='bbox 499 3031 692 3106; x_wconf 76' lang='lat' dir='ltr'>Phaedriam</span> <span class='ocrx_word' id='word_1_117' title='bbox 710 3033 800 3106; x_wconf 90' lang='lat' dir='ltr'>inter</span> <span class='ocrx_word' id='word_1_118' title='bbox 814 3054 849 3106; x_wconf 92' lang='lat' dir='ltr'>se</span> <span class='ocrx_word' id='word_1_119' title='bbox 862 3054 1026 3128; x_wconf 89' lang='lat' dir='ltr'>compara</span> <span class='ocrx_word' id='word_1_120' title='bbox 1037 3053 1118 3104; x_wconf 89' lang='lat' dir='ltr'>cum</span> <span class='ocrx_word' id='word_1_121' title='bbox 1132 3031 1257 3105; x_wconf 87' lang='lat' dir='ltr'>lenone</span> <span class='ocrx_word' id='word_1_122' title='bbox 1274 3030 1459 3130; x_wconf 80' lang='lat' dir='ltr'>litigantes,</span> <span class='ocrx_word' id='word_1_123' title='bbox 1476 3038 1509 3104; x_wconf 91' lang='lat' dir='ltr'>et</span> 
     </span>
     <span class='ocr_line' id='line_1_22' title="bbox 446 3156 1503 3254; baseline -0.002 -24"><span class='ocrx_word' id='word_1_124' title='bbox 446 3156 662 3231; x_wconf 87' lang='lat' dir='ltr'>intervallum</span> <span class='ocrx_word' id='word_1_125' title='bbox 683 3157 858 3254; x_wconf 90' lang='lat' dir='ltr'>temporis,</span> <span class='ocrx_word' id='word_1_126' title='bbox 878 3166 914 3231; x_wconf 90' lang='lat' dir='ltr'>ut</span> <span class='ocrx_word' id='word_1_127' title='bbox 934 3157 1142 3254; x_wconf 90' lang='lat' dir='ltr'>promissum</span> <span class='ocrx_word' id='word_1_128' title='bbox 1161 3156 1503 3254; x_wconf 84' lang='lat' dir='ltr'>argeutumsolvant,</span> 
     </span>
     <span class='ocr_line' id='line_1_23' title="bbox 447 3282 1507 3381; baseline 0.001 -26"><span class='ocrx_word' id='word_1_129' title='bbox 447 3290 607 3381; x_wconf 85' lang='lat' dir='ltr'>rogantes</span> <span class='ocrx_word' id='word_1_130' title='bbox 617 3307 627 3378; x_wconf 78' lang='lat'><em>3</em></span> <span class='ocrx_word' id='word_1_131' title='bbox 638 3282 794 3381; x_wconf 90' lang='lat' dir='ltr'>quamvis</span> <span class='ocrx_word' id='word_1_132' title='bbox 806 3306 860 3358; x_wconf 88' lang='lat' dir='ltr'>res</span> <span class='ocrx_word' id='word_1_133' title='bbox 874 3283 1042 3381; x_wconf 86' lang='lat' dir='ltr'>cujusque</span> <span class='ocrx_word' id='word_1_134' title='bbox 1053 3283 1120 3356; x_wconf 90' lang='lat' dir='ltr'>sint</span> <span class='ocrx_word' id='word_1_135' title='bbox 1130 3282 1298 3357; x_wconf 81' lang='lat' dir='ltr'>in&#39;eodem</span> <span class='ocrx_word' id='word_1_136' title='bbox 1307 3283 1397 3374; x_wconf 87' lang='lat' dir='ltr'>loce,</span> <span class='ocrx_word' id='word_1_137' title='bbox 1408 3293 1507 3381; x_wconf 88' lang='lat' dir='ltr'>atque</span> 
     </span>
     <span class='ocr_line' id='line_1_24' title="bbox 448 3409 1513 3507; baseline -0.003 -24"><span class='ocrx_word' id='word_1_138' title='bbox 448 3417 592 3507; x_wconf 89' lang='lat' dir='ltr'>uterque</span> <span class='ocrx_word' id='word_1_139' title='bbox 611 3409 834 3484; x_wconf 88' lang='lat' dir='ltr'>vehementer</span> <span class='ocrx_word' id='word_1_140' title='bbox 854 3409 946 3484; x_wconf 92' lang='lat' dir='ltr'>idem</span> <span class='ocrx_word' id='word_1_141' title='bbox 961 3410 1121 3507; x_wconf 90' lang='lat' dir='ltr'>postulet,</span> <span class='ocrx_word' id='word_1_142' title='bbox 1134 3417 1264 3507; x_wconf 91' lang='lat' dir='ltr'>quanto</span> <span class='ocrx_word' id='word_1_143' title='bbox 1281 3410 1513 3485; x_wconf 59' lang='lat' dir='ltr'>minusPhaa-</span> 
     </span>
     <span class='ocr_line' id='line_1_25' title="bbox 447 3532 1507 3634; baseline 0 -26"><span class='ocrx_word' id='word_1_144' title='bbox 447 3532 532 3608; x_wconf 86' lang='lat' dir='ltr'>driae</span> <span class='ocrx_word' id='word_1_145' title='bbox 552 3533 698 3633; x_wconf 88' lang='lat' dir='ltr'>dignitas</span> <span class='ocrx_word' id='word_1_146' title='bbox 715 3535 749 3608; x_wconf 93' lang='lat' dir='ltr'>in</span> <span class='ocrx_word' id='word_1_147' title='bbox 771 3534 837 3608; x_wconf 92' lang='lat' dir='ltr'>hoc</span> <span class='ocrx_word' id='word_1_148' title='bbox 854 3534 971 3634; x_wconf 87' lang='lat' dir='ltr'>jurgio</span> <span class='ocrx_word' id='word_1_149' title='bbox 995 3534 1213 3608; x_wconf 87' lang='lat' dir='ltr'>imminuitur</span> <span class='ocrx_word' id='word_1_150' title='bbox 1231 3542 1265 3611; x_wconf 85' lang='lat' dir='ltr'>et</span> <span class='ocrx_word' id='word_1_151' title='bbox 1284 3535 1507 3632; x_wconf 86' lang='lat' dir='ltr'>deprimitur!</span> 
     </span>
     <span class='ocr_line' id='line_1_26' title="bbox 446 3657 1508 3756; baseline 0.002 -23"><span class='ocrx_word' id='word_1_152' title='bbox 446 3657 641 3756; x_wconf 90' lang='lat' dir='ltr'>Utrumque</span> <span class='ocrx_word' id='word_1_153' title='bbox 657 3658 748 3734; x_wconf 90' lang='lat' dir='ltr'>enim</span> <span class='ocrx_word' id='word_1_154' title='bbox 764 3681 912 3756; x_wconf 88' lang='lat' dir='ltr'>egenum</span> <span class='ocrx_word' id='word_1_155' title='bbox 927 3666 1117 3733; x_wconf 86' lang='lat' dir='ltr'>amatorem</span> <span class='ocrx_word' id='word_1_156' title='bbox 1133 3667 1275 3756; x_wconf 87' lang='lat' dir='ltr'>uterque</span> <span class='ocrx_word' id='word_1_157' title='bbox 1287 3660 1366 3734; x_wconf 93' lang='lat' dir='ltr'>leno</span> <span class='ocrx_word' id='word_1_158' title='bbox 1379 3660 1508 3752; x_wconf 86' lang='lat' dir='ltr'>irridet,</span> 
     </span>
     <span class='ocr_line' id='line_1_27' title="bbox 446 3784 1509 3882; baseline 0.001 -24"><span class='ocrx_word' id='word_1_159' title='bbox 446 3785 506 3860; x_wconf 92' lang='lat' dir='ltr'>sed</span> <span class='ocrx_word' id='word_1_160' title='bbox 518 3786 666 3860; x_wconf 89' lang='lat' dir='ltr'>alterum</span> <span class='ocrx_word' id='word_1_161' title='bbox 675 3784 783 3858; x_wconf 91' lang='lat' dir='ltr'>Ballio</span> <span class='ocrx_word' id='word_1_162' title='bbox 793 3784 930 3882; x_wconf 88' lang='lat' dir='ltr'>gravius</span> <span class='ocrx_word' id='word_1_163' title='bbox 940 3792 972 3859; x_wconf 88' lang='lat' dir='ltr'>et</span> <span class='ocrx_word' id='word_1_164' title='bbox 983 3785 1274 3879; x_wconf 89' lang='lat' dir='ltr'>contumeliosius,</span> <span class='ocrx_word' id='word_1_165' title='bbox 1286 3786 1390 3861; x_wconf 87' lang='lat' dir='ltr'>Dorio</span> <span class='ocrx_word' id='word_1_166' title='bbox 1402 3787 1509 3862; x_wconf 92' lang='lat' dir='ltr'>levius</span> 
     </span>
     <span class='ocr_line' id='line_1_28' title="bbox 447 3908 1507 4007; baseline 0 -22"><span class='ocrx_word' id='word_1_167' title='bbox 447 3919 481 3985; x_wconf 89' lang='lat' dir='ltr'>et</span> <span class='ocrx_word' id='word_1_168' title='bbox 500 3910 644 4007; x_wconf 92' lang='lat' dir='ltr'>lepidius</span> <span class='ocrx_word' id='word_1_169' title='bbox 661 3910 819 3984; x_wconf 90' lang='lat' dir='ltr'>alterum.</span> <span class='ocrx_word' id='word_1_170' title='bbox 841 3909 911 3984; x_wconf 87' lang='lat' dir='ltr'>Nec</span> <span class='ocrx_word' id='word_1_171' title='bbox 927 3908 1099 4000; x_wconf 90' lang='lat' dir='ltr'>Phaedria,</span> <span class='ocrx_word' id='word_1_172' title='bbox 1126 3911 1208 3986; x_wconf 93' lang='lat' dir='ltr'>dum</span> <span class='ocrx_word' id='word_1_173' title='bbox 1229 3912 1316 3986; x_wconf 88' lang='lat' dir='ltr'>servi</span> <span class='ocrx_word' id='word_1_174' title='bbox 1340 3913 1507 3986; x_wconf 89' lang='lat' dir='ltr'>auxilium</span> 
     </span>
     <span class='ocr_line' id='line_1_29' title="bbox 447 4035 1507 4138; baseline -0.001 -27"><span class='ocrx_word' id='word_1_175' title='bbox 447 4036 610 4132; x_wconf 84' lang='lat' dir='ltr'>exposcit,</span> <span class='ocrx_word' id='word_1_176' title='bbox 628 4035 670 4108; x_wconf 90' lang='lat' dir='ltr'>ad</span> <span class='ocrx_word' id='word_1_177' title='bbox 696 4035 973 4131; x_wconf 87' lang='lat' dir='ltr'>ignominiosam,</span> <span class='ocrx_word' id='word_1_178' title='bbox 997 4036 1088 4110; x_wconf 90' lang='lat' dir='ltr'>velut</span> <span class='ocrx_word' id='word_1_179' title='bbox 1111 4036 1337 4136; x_wconf 81' lang='lat' dir='ltr'>Argyrippus,</span> <span class='ocrx_word' id='word_1_180' title='bbox 1367 4037 1507 4138; x_wconf 86' lang='lat' dir='ltr'>efflagi-</span> 
     </span>
    </p>
   </div>
   <div class='ocr_carea' id='block_1_5' title="bbox 477 4256 687 4324">
    <p class='ocr_par' dir='ltr' id='par_1_6' title="bbox 477 4256 687 4324">
     <span class='ocr_line' id='line_1_30' title="bbox 477 4256 687 4324; baseline -0.005 -17"><span class='ocrx_word' id='word_1_181' title='bbox 477 4258 512 4324; x_wconf 86' lang='lat' dir='ltr'>(l)</span> <span class='ocrx_word' id='word_1_182' title='bbox 529 4258 606 4322; x_wconf 72' lang='lat' dir='ltr'>llum,</span> <span class='ocrx_word' id='word_1_183' title='bbox 621 4260 648 4320; x_wconf 82' lang='lat' dir='ltr'>V,</span> <span class='ocrx_word' id='word_1_184' title='bbox 663 4256 687 4307; x_wconf 84' lang='lat'>8.</span> 
     </span>
    </p>
   </div>
   <div class='ocr_carea' id='block_1_6' title="bbox 0 0 1682 5252">
    <p class='ocr_par' dir='ltr' id='par_1_7' title="bbox 0 0 1682 5252">
     <span class='ocr_line' id='line_1_31' title="bbox 0 0 1682 5252; baseline 0 0"><span class='ocrx_word' id='word_1_185' title='bbox 0 0 1682 5252; x_wconf 95' lang='lat' dir='ltr'> </span> 
     </span>
    </p>
   </div>
  </div>
 </body>
</html>
