3330 5258
892 483 1051 544 48..

438 631 472 698 et
483 643 562 696 suas
580 620 728 708 fabulas,
749 619 886 714 integra
904 624 990 704 arte,
1006 617 1080 692 sine
1095 615 1209 690 fructu
1225 613 1362 704 cadere,
1381 635 1500 711 quam,
1573 718 1579 724 ι

438 754 613 844 corrupta,
631 768 710 820 cum
728 766 853 843 magno
867 744 964 817 luem
978 750 1069 817 stare
1089 742 1243 837 mavult(
1269 741 1294 836 ).

487 874 603 961 Quum
626 879 805 966 tantopere
824 876 922 942 curet
941 866 1024 964 quid
1042 867 1085 942 de
1099 867 1173 940 ¹suis
1192 867 1353 964 operibus
1371 867 1504 969 judicet

441 1021 511 1072 non
526 996 635 1094 quivis
646 1019 733 1069 unus
747 1017 767 1068 e
781 994 923 1092 populo,
940 992 997 1068 sed
1012 993 1242 1091 intelligentes
1256 992 1504 1068 existimatores

441 1121 549 1219 magis
574 1121 608 1194 iu
630 1119 722 1194 diem
744 1119 865 1194 litteris
891 1118 1012 1216 graecis
1036 1117 1176 1207 eruditi,
1207 1117 1273 1192 boc
1296 1117 1408 1214 potius
1440 1117 1504 1190 sibi

440 1247 532 1321 laudi
548 1269 653 1343 quam
670 1244 912 1341 vituperationi
937 1244 1042 1318 habet
1068 1243 1161 1340 quod
1183 1243 1344 1317 credatur
1362 1267 1382 1315 a
1402 1242 1504 1317 Laelio

441 1379 475 1446 et
487 1371 647 1466 Scipione
661 1371 696 1443 in
708 1369 890 1478 scribendo
906 1368 1069 1466 adjutam,
1085 1391 1149 1443 nec
1165 1369 1364 1465 opinionem
1379 1376 1415 1442 et
1426 1368 1506 1440 viris

442 1496 660 1592 amplissimis
674 1503 708 1569 et
726 1495 789 1568 sibi
807 1503 942 1594 gratam
962 1494 1119 1570 minuere
1135 1495 1257 1567 nititur
1273 1495 1336 1592 (2).
1361 1497 1392 1567 ls
1415 1494 1504 1568 enim

444 1629 496 1695 est
520 1621 808 1695 Terentiauarum
842 1642 1067 1717 personarum
1095 1642 1208 1694 sermo
1231 1618 1331 1716 cujus
1360 1619 1507 1694 brevitas

445 1768 486 1819 ac
506 1746 598 1842 lepos
613 1745 780 1843 exquisito
803 1752 939 1820 tantum
962 1744 1100 1844 ingenio
1118 1744 1262 1818 inveniri
1285 1745 1428 1841 possint,
1450 1745 1508 1817 bo-

447 1871 647 1966 minumque
677 1870 955 1966 politissimornm
983 1870 1124 1944 auribus
1158 1870 1309 1967 placere,
1350 1877 1386 1943 et
1417 1878 1508 1944 recte

446 1996 580 2093 scripsit
609 1997 805 2094 Moetelpne
847 2018 1028 2072 secernens
1066 2019 1087 2069 a
1117 1996 1238 2071 Plauto
1272 1995 1505 2070 Terentium:

454 2152 469 2190 v
490 2101 671 2220 Cettuy-c'y
686 2130 761 2196 seut
773 2122 849 2196 bien
866 2121 993 2196 mieulx
1007 2143 1068 2196 son
1083 2121 1333 2220 gentilhomme
1348 2121 1414 2220 (3).
1429 2150 1445 2189 »
1467 2121 1509 2194 Ut

422 2247 680 2323 ‚adolescentes
715 2256 849 2323 tantum
882 2248 1040 2344 exemplo
1076 2271 1264 2338 assumam,
1299 2247 1379 2321 audi
1407 2269 1509 2344 qnam

448 2383 592 2450 venusta
604 2372 769 2448 brevitate
783 2373 935 2448 Chaereae
956 2372 1121 2448 Thaidem
1140 2373 1313 2447 extollenti
1335 2371 1506 2460 Phaedria,

449 2499 554 2597 bujus
568 2497 758 2573 meretricis
771 2506 916 2590 amator,
939 2498 1166 2596 respondeat:
1191 2498 1304 2572 xlllibi
1322 2499 1414 2573 illam
1431 2499 1509 2570 lau-

450 2623 511 2698 das
542 2621 649 2720 (lilla
682 2623 769 2697 Item
801 2623 952 2698 Charino
988 2624 1157 2721 roganti:
1196 2623 1342 2698 «Hodie
1368 2645 1512 2698 uxorem

487 2909 520 2975 (1)
538 2911 682 2960 Caeciliuset
690 2911 740 2974 ipse
752 2912 913 2974 spectantium
923 2912 1022 2961 fastidia
1033 2927 1120 2974 passus
1130 2917 1168 2962 est
1183 2911 1247 2977 (vide
1256 2911 1355 2977 Hecyr„
1367 2913 1460 2978 prolog.
1473 2911 1511 2976 ll),

455 2994 498 3040 sed
518 3006 566 3041 neu
587 2998 687 3056 propter
705 2995 819 3042 decorum
838 2995 977 3058 religiosius
994 2999 1124 3052 servatum,
1140 2999 1167 3043 ut
1181 2994 1268 3058 eoniici
1288 2999 1368 3056 potest
1385 2994 1513 3043 emimicis

454 3072 550 3121 facetiis
564 3087 624 3134 quas
639 3073 664 3120 iu
678 3072 762 3122 Plocio
776 3073 933 3122 Menandreis
944 3074 1063 3132 versibus,
1076 3079 1103 3124 ut
1114 3075 1184 3123 Gellii
1197 3075 1271 3124 verbo
1285 3079 1349 3135 utar,
1362 3074 1512 3123 inculcavit:

610 3207 657 3256 Sed
672 3211 714 3256 tua
728 3221 858 3278 morosane
874 3221 943 3268 uxor,
958 3219 1051 3269 quaeso,
1067 3208 1126 3258 est‘l
1139 3237 1170 3245 -
1186 3208 1252 3257 Vah!
1268 3207 1361 3272 regas?
1376 3237 1406 3244 -

604 3313 636 3322 -—
651 3289 696 3346 Qui
710 3287 830 3337 taudem‘l
845 3316 875 3323 —
890 3290 972 3338 Taedet
989 3290 1132 3350 mentionis,
1146 3304 1201 3352 qum
1214 3291 1275 3338 mibi

607 3367 652 3416 Ubi
666 3369 766 3416 domum
782 3369 869 3418 adveni
884 3383 912 3417 ae
929 3369 991 3429 sedi,
1007 3373 1129 3432 extemplo
1144 3371 1237 3419 savium

608 3448 653 3494 Dat
665 3447 750 3510 jejuna
764 3448 855 3496 anima.
872 3475 902 3483 -
917 3449 957 3497 Nil
970 3455 1059 3511 peceat
1071 3451 1103 3499 de
1117 3451 1200 3500 savio:

609 3527 639 3576 Ut
653 3528 767 3575 devomas
779 3528 829 3576 volt
841 3529 906 3588 quod
918 3529 979 3577 loris
994 3531 1125 3592 potaveris.

687 3633 824 3696 (Plocium,
841 3636 929 3698 lragm.
950 3637 984 3697 ll;
1000 3637 1056 3686 vide
1074 3639 1129 3687 Otto
1145 3638 1264 3698 Ribbeck,
1277 3638 1433 3691 Comtcorum
1449 3638 1516 3702 [rop-

716 3717 811 3775 menta,
824 3715 938 3768 Coectltos
950 3715 1056 3768 Statius.
1071 3745 1101 3753 —
1118 3717 1219 3778 Gellius,
1234 3718 1306 3771 Noct.
1323 3717 1410 3779 Attia,
1425 3720 1456 3780 ll,
1468 3718 1514 3782 23.)

487 3865 498 3893 v
514 3843 577 3898 lllud
595 3848 723 3898 Menandri
742 3849 837 3898 devita
851 3848 977 3899 hominum
992 3850 1074 3899 media
1088 3856 1212 3914 sumptum
1227 3854 1331 3916 simplex
1350 3862 1375 3905 et
1393 3871 1477 3906 verum
1495 3861 1517 3905 at

455 3928 600 3976 delectabile
617 3944 639 3987 v,
655 3929 719 3989 quod
737 3928 827 3978 Gellius
844 3942 858 3976 a
875 3930 973 3979 Caecilio
991 3931 1082 3980 frustra
1098 3932 1213 3994 requirit,
1231 3949 1350 3997 nusquam
1367 3937 1393 3986 iu
1409 3937 1517 3986 Terentio

456 4007 590 4056 desideras.

488 4088 521 4153 (ᾖ)
539 4087 598 4148 Aa,
616 4091 712 4153 Prolog.

488 4168 522 4234 (3)
540 4167 631 4227 Essot's,
644 4170 675 4228 ll,
690 4168 728 4217 lll.

489 4249 521 4314 (l)
540 4249 616 4309 Eum,
631 4251 657 4308 ll,
671 4248 694 4298 8.
