3330 5258
634 426 787 489 -39„

174 560 341 635 tationem
358 559 544 636 descendit.
563 560 833 636 hddubitantem
853 570 887 635 et
909 569 1103 637 morantem
1122 563 1245 637 Getam

173 685 278 759 simul
292 708 333 760 ao
347 686 595 782 Antiphonem,
607 673 709 760 suum
721 686 925 783 patruelem,
941 686 1162 783 interpellans
1177 688 1244 762 hoc

174 817 313 885 tantum
331 811 435 886 verbo
450 819 611 907 precatur
623 811 677 885 vel
692 811 806 909 potius
819 811 939 886 leviter
953 811 1110 909 increpat
1126 837 1135 885 ε

223 1091 226 1094 ·
319 1077 411 1144 Quid‘l
425 1093 477 1154 ego
489 1079 579 1148 vohis,
594 1077 672 1148 Geta,
688 1076 793 1135 alienus
808 1094 870 1134 sum
884 1077 946 1150 (l)‘l

222 1331 315 1406 Nihil
346 1333 381 1406 in
410 1333 719 1424 hocadolescente
742 1333 964 1426 indecorum,
986 1334 1072 1409 nihil
1100 1335 1243 1411 ridicule

171 1458 411 1534 immodicum.
429 1459 534 1533 Dolor
560 1460 647 1558 ejus,
674 1460 725 1534 rel
749 1483 845 1557 spem
869 1483 1008 1536 omnem
1034 1461 1240 1560 abjicientis,

172 1609 243 1659 non
261 1586 295 1659 in
317 1607 449 1661 meram
473 1585 645 1659 insaniam
668 1593 836 1674 mutatur,
859 1609 926 1660 non
950 1587 1104 1686 gladium
1128 1587 1243 1663 educit

172 1734 254 1785 mox
273 1711 490 1786 incruentum
506 1712 542 1785 in
556 1711 715 1810 vaginam
728 1710 943 1806 rediturum3
961 1711 1070 1786 tristia
1083 1713 1238 1811 quidem,

171 1860 242 1911 non
256 1841 382 1935 inepta,
399 1837 540 1912 consilia
554 1838 671 1935 agitat,
689 1837 733 1912 ad
747 1837 882 1910 irritum
895 1837 967 1911 sine
982 1837 1088 1913 dubio
1103 1861 1239 1929 casura,

157 1963 229 2058 sed
268 1987 346 2061 quae
374 1986 467 2061 aegro
497 1965 609 2038 amori
641 1963 798 2062 placeant
831 1971 867 2037 et
900 1962 1030 2060 aliquid
1061 1964 1240 2039 levationis

169 2089 329 2164 aflerant.
348 2092 407 2164 Est
421 2089 481 2164 uhi
495 2113 634 2188 quoque
649 2089 772 2186 sapiat,
790 2088 849 2161 sed
868 2087 1019 2164 breviter
1032 2097 1067 2164 et
1085 2098 1239 2188 tempes-

169 2217 253 2307 tive,
274 2240 400 2314 nempe
420 2241 528 2314 quum
553 2214 696 2290 avaritia
726 2214 860 2289 lenonis
882 2214 926 2312 ah
951 2215 1065 2290 amica
1088 2222 1240 2290 semotus

171 2343 405 2441 Antiphonem
416 2341 605 2418 videtfidos
617 2350 652 2415 et
663 2339 801 2416 securos
813 2362 948 2416 amores
958 2339 1144 2416 foventem.
1159 2342 1239 2415 Suae

169 2493 253 2545 curn
278 2468 426 2543 miseriae
451 2469 530 2542 vitae
550 2466 700 2542 melioris
725 2464 925 2554 admonent,
955 2475 991 2542 et
1012 2467 1043 2542 ei
1066 2476 1238 2565 praecepta

169 2596 358 2694 subjiciunt
370 2619 449 2692 quae
465 2595 562 2669 valde
577 2595 684 2670 timeo
704 2618 747 2669 ne
762 2595 836 2668 sine
857 2593 928 2667 ullo
955 2591 1238 2682 effectu,=lenone

171 2728 446 2810 mansuescente,
468 2720 678 2810 dilabantur,
709 2721 867 2794 animum
884 2701 1000 2794 tamen
1019 2717 1234 2793 laborantem

170 2848 330 2937 deceant,
346 2857 380 2922 et
395 2847 522 2921 honam
539 2845 689 2949 indolem
706 2846 759 2920 vel
772 2844 928 2920 moribus
945 2845 1077 2919 lascivis
1098 2844 1235 2920 subesse

169 2972 378 3072 significent.

219 3098 384 3173 Chremes
405 3098 441 3171 in
458 3097 958 3172 Heautontimorumeno'suum
973 3094 1084 3170 lilium
1099 3096 1237 3171 luxuria

168 3232 203 3298 et
226 3223 365 3297 lascivia
389 3221 548 3298 diflluere
573 3223 742 3320 queritur,
774 3244 838 3296 nec
861 3221 1017 3318 pessimis
1041 3221 1238 3296 nominihus

167 3372 328 3447 parcens,
344 3372 425 3424 eum
443 3348 641 3434 helnonem,
658 3369 866 3446 ganeonem,
885 3347 1092 3421 damnosum
1109 3355 1208 3423 vocat
1225 3373 1234 3422 :

169 3469 238 3548 noli
258 3483 375 3548 autem
390 3474 497 3571 patris
520 3473 596 3546 irati
611 3473 725 3547 serhis
748 3472 891 3545 nimiam
911 3470 1017 3546 fidem
1044 3471 1185 3563 habere,
1202 3483 1236 3548 et

168 3601 262 3674 disee
279 3599 444 3697 ganeonis
456 3597 652 3673 Terentiani
665 3621 778 3671 mores
791 3597 892 3672 venia
906 3597 1018 3694 potius
1036 3622 1142 3694 quarn
1157 3598 1236 3675 odio

169 3725 292 3824 dignos
310 3747 396 3798 esse.
419 3724 584 3821 Voluptas
602 3724 697 3798 enirn
718 3723 946 3820 Clitiphonem
974 3723 1101 3813 allexit,
1127 3725 1236 3799 allec-

171 3858 244 3922 turn
274 3848 417 3934 detinet,
445 3871 513 3921 non
538 3850 586 3922 ita
611 3857 726 3922 tamen
751 3856 788 3921 ut
815 3870 937 3921 sanum
960 3848 1035 3946 ejus
1059 3850 1235 3947 ingenium

169 3973 313 4048 omnino
328 3975 537 4069 corruperit.'
556 3973 734 4048 Bacchidis
748 3973 854 4060 enim,
877 3973 977 4071 cujus
991 3974 1103 4047 {orma
1115 3985 1236 4072 eaptus

200 4239 234 4306 (r)
251 4239 379 4301 aaran,
395 4238 467 4302 una
