3330 5258
610 436 770 498 ..69-

206 569 420 644 Dinarchum
441 578 534 646 recle
556 572 693 646 miraris
716 571 759 648 de
774 572 952 648 Phronesii
978 575 1143 672 pravitate
1164 597 1224 649 co·
1320 569 1322 575 ’

156 695 284 793 piosius
299 695 479 787 disserere,
498 696 682 772 abeodem
701 697 843 773 minime
861 720 994 787 cavere3
1018 697 1222 796 Astaphium

156 821 264 918 ipsam
299 844 408 911 meru,
444 845 522 918 quaa
553 832 686 909 narrat,
721 823 901 898 mendacia
934 834 1055 922 sponte
1092 849 1224 924 agnos-

156 954 292 1021 centem
319 953 351 1020 et
383 945 587 1022 irridentem
614 948 785 1044 inerepas3
824 970 886 1022 nec
916 949 1110 1038 immerito;
1143 973 1223 1048 quaa

156 1094 237 1156 vero
263 1094 489 1169 supervacua,
525 1072 677 1163 indocta,
697 1082 770 1148 arte
790 1072 953 1149 destituta
969 1073 1029 1149 tibi
1047 1075 1219 1168 videnlur,

154 1197 262 1294 plebis
285 1198 418 1272 animos
441 1197 541 1272 altius
566 1207 751 1294 penetrant
769 1207 803 1274 el
826 1199 1067 1275 vehementius
1094 1201 1222 1277 adino-

154 1330 236 1397 nent
278 1345 388 1419 quum
429 1322 633 1397 meretriciae
676 1323 864 1408 aviditatis,
907 1335 982 1398 lum
1023 1335 1221 1401 amatorum

154 1447 433 1522 imbecillitatis:
461 1447 614 1522 Eruditis
660 1449 910 1545 spectatoribus
959 1450 1220 1527 delectationem

154 1595 316 1670 magnam
350 1571 449 1648 affert
481 1573 676 1664 Selenium,
709 1574 791 1647 dum
824 1574 943 1648 vividis
976 1575 1087 1650 verbis
1121 1600 1221 1651 suum

153 1719 307 1773 amorem
323 1698 488 1788 declarat,
506 1721 570 1774 nec
585 1699 739 1796 prolecto
754 1700 925 1774 minorem
942 1701 1108 1798 imperitis
1123 1703 1223 1777 Alce·

152 1823 356 1911 simarchus,
381 1824 465 1898 dum
487 1825 656 1900 concitato
673 1825 858 1900 verborum
878 1824 1020 1900 llumine
1037 1849 1115 1900 suus
1136 1850 1221 1902 cru-

152 1949 262 2024 ciatus
294 1958 487 2040 enumerat,
521 1959 554 2024 et
581 1951 663 2025 deos
688 1950 863 2040 invocans,
890 1958 1002 2024 tolum
1033 1952 1220 2049 Olympum

153 2075 285 2165 miscet,
315 2098 360 2149 ne
385 2098 519 2150 memor
534 2074 676 2172 quidem
696 2083 813 2149 utrum
833 2077 1004 2150 Saturnus
1016 2079 1161 2150 lunonis
1177 2079 1220 2152 sit

151 2208 249 2296 pater
269 2223 314 2274 an
340 2209 494 2298 patruus.
529 2203 579 2274 lta
605 2201 743 2304 Plautus
774 2200 1002 2274 Menandrum
1027 2209 1060 2276 et
1086 2209 1219 2277 ceteros

152 2348 250 2399 novae
267 2325 446 2400 cornoediaa
459 2326 641 2423 scriptores
661 2326 827 2418 imitatur,
845 2333 881 2399 ut
908 2326 1075 2423 optimum
1097 2350 1217 2401 exem-

151 2450 226 2548 plar
253 2450 356 2526 modo
383 2449 473 2525 lidus
493 2451 663 2548 interpres
693 2459 915 2548 exsequatur,
942 2451 1093 2526 eruditas
1117 2475 1218 2527 aures

90 2621 93 2628 ·
151 2574 396 2668 delectaturus,
412 2575 513 2650 modo
533 2586 734 2672 corrumpat
747 2575 975 2666 etadulteret‚
996 2577 1088 2676 vulgi
1107 2577 1219 2651 studia
1305 2661 1308 2665 ,

151 2701 214 2774 sibi
232 2701 490 2776 conciliaturus
518 2702 588 2776 Neu
614 2702 718 2775 aliam
733 2701 777 2776 ob
796 2724 937 2776 causam
954 2703 989 2775 in
1009 2704 1215 2791 Mercatore,

152 2823 268 2900 fabula
286 2826 524 2902 aPhilemone
545 2827 722 2913 translata,
749 2826 934 2916 Charinus
958 2835 1089 2926 erepta,
1111 2853 1216 2926 quam

150 2959 258 3041 amat,
275 2951 400 3048 puella,
418 2974 608 3027 nunevero
620 2951 899 3042 dolorelaborat,
915 2974 1009 3026 nune
1027 2976 1129 3027 snum
1143 2954 1216 3051 ipse

152 3075 305 3150 dolorem
317 3098 379 3173 per
389 3076 512 3150 ludum
527 3075 796 3173 amplificatam
810 3077 922 3150 subita
935 3079 1086 3152 amentia
1098 3077 1215 3153 turba-

151 3207 220 3292 tur,
238 3223 305 3275 non
325 3223 366 3275 aa
379 3225 458 3298 quaa
480 3201 623 3276 miseros
650 3209 821 3276 amatores
852 3200 987 3292 deceat,
1009 3203 1068 3277 sed
1083 3227 1214 3301 eaquae

150 3332 249 3424 egeat
276 3326 405 3400 auxilio
429 3326 551 3401 medici
585 3336 620 3402 et
648 3327 784 3424 plebem
814 3327 849 3400 in
877 3326 1064 3402 cachinnos
1089 3331 1207 3404 solvat.

151 3452 264 3539 Quam
284 3451 548 3526 inconstantiam
567 3453 729 3527 Horatius
746 3451 858 3528 faceta
886 3453 1070 3527 verborum
1100 3455 1213 3530 inver-

30 3646 39 3665 ,
150 3575 245 3650 sione
274 3576 309 3650 in
333 3576 386 3650 bis
415 3578 567 3652 versibus
591 3579 775 3676 increpat:

547 3799 662 3876 Adspice
678 3800 788 3857 Plautus

328 3888 384 3952 Quo
398 3896 476 3962 pacto
489 3897 581 3964 partes
594 3898 696 3947 tutetur
709 3889 824 3946 amantis
836 3889 934 3964 ephebi
948 3890 959 3960 (
978 3893 997 3962 ).

180 4140 214 4206 (l)
229 4141 286 4204 Ep,
305 4143 336 4202 ll,
357 4142 379 4190 l.
403 4143 518 4192 Horatios
531 4143 603 4204 paulo
618 4143 643 4192 in
657 4123 900 4205 Plautumscrcrior,
916 4149 944 4195 ut
958 4145 998 4194 cui
1010 4148 1121 4196 velerum
1133 4145 1216 4208 scrip-

149 4227 228 4272 torum
247 4223 350 4285 gloriam
371 4224 485 4272 malevoli
500 4223 590 4286 saepius
603 4231 734 4287 opponant,
749 4239 835 4275 omnes
847 4227 972 4276 Plautinos
985 4229 1048 4277 sales
1060 4229 1146 4280 eodem
1162 4229 1216 4276 las-
