3330 5258
605 490 763 550 -l'd-

151 627 246 702 euim
269 625 424 702 volubilis
438 623 605 722 praecipiti
627 623 764 700 dicendi
781 624 956 699 eeleritate
983 648 1062 699 suus
1083 625 1221 700 erucia-

152 761 207 827 tus
228 749 442 849 amplificat:

221 959 324 1030 declar,
341 957 459 1028 crucior,
476 955 576 1031 agitor,
591 956 725 1026 stimulor,
742 972 838 1014 versor
853 956 880 1012 iu
895 955 995 1012 amoris
1010 964 1081 1025 rota,
1098 964 1149 1014 eie.
1166 956 1217 1028 (i).

201 1138 328 1215 Seleuii
341 1147 457 1214 autem
472 1161 542 1213 uua
560 1161 624 1213 vex
640 1137 741 1212 altius
765 1146 946 1234 acceptum
969 1137 1095 1212 vulnus
1115 1135 1220 1235 sigui-

153 1264 245 1340 ficat.
265 1293 281 1332 a
297 1263 377 1338 Mihi
392 1262 616 1339 cordoliumst
632 1293 667 1356 a,
684 1264 744 1353 ait,
767 1258 800 1338 et
824 1263 1011 1362 Gymnasie
1037 1261 1220 1338 meretrice

154 1389 243 1466 uude
259 1389 522 1483 sitemdelium,
537 1387 630 1488 quud
643 1411 711 1464 uun
730 1389 802 1486 ipsa
818 1387 963 1481 noverit,
976 1395 1133 1486 rogante
1153 1409 1221 1462 ues-

154 1515 283 1613 peudet
301 1540 309 1586 ε
1151 1539 1153 1542 ·
1176 1531 1196 1544 ”

172 1721 198 1777 Si
210 1720 276 1795 quid
288 1728 329 1777 esd
341 1720 414 1794 quod
425 1711 609 1790 doleal,'dolet
622 1740 627 1774 ι
640 1720 763 1777 siaulam
773 1727 886 1787 nonest,
898 1727 988 1776 tamea
1001 1717 1053 1776 hoe
1068 1717 1203 1776 hiedulei.

203 1919 337 2009 Quibus
350 1918 475 1996 audilis
491 1929 582 1995 reete
596 1919 824 2019 Gymnasium
837 1919 1008 1994 exclamat
1024 1942 1032 1990 ε

368 2128 446 2184 Amat
461 2125 519 2182 haee
535 2103 641 2181 mulier.

202 2302 308 2390 Alter,
340 2301 464 2376 alena
495 2301 663 2398 depulsus,
692 2299 871 2375 iracundia
899 2323 984 2374 uaua
1013 2309 1049 2376 ei
1076 2299 1220 2375 ridicula

153 2425 307 2516 effertur,
322 2434 356 2501 et
372 2425 453 2501 dees
467 2425 580 2513 omnis
594 2425 742 2524 generis,
757 2448 914 2524 magum,
928 2425 1079 2500 minutos
1100 2432 1134 2500 et
1157 2448 1220 2522 pa-

153 2551 302 2627 tellarius
316 2559 460 2626 testatur
474 2574 509 2625 se
524 2551 637 2625 denam
656 2558 690 2626 et
703 2552 790 2625 leuae
804 2549 909 2623 filiam
926 2557 959 2624 et
983 2558 1091 2624 semet
1106 2551 1218 2645 ipsum

8 2701 10 2708 ·
42 2711 44 2714 ·
154 2676 441 2752 ublruueaturum
476 2699 567 2770 essm
591 2676 819 2766 alterumue,
851 2676 903 2749 uel
927 2698 963 2750 se
989 2674 1160 2772 proditam
1186 2681 1220 2747 et
1330 2707 1334 2716 ·

153 2801 322 2878 desertam
336 2801 548 2891 existimaus,
569 2822 725 2898 represso
736 2800 867 2892 dalem,
882 2800 1007 2876 omissa
1021 2799 1117 2874 omni
1130 2821 1218 2896 que-

155 2928 237 3019 rela,
254 2936 384 3026 quanio
400 2927 570 3025 majorem
585 2925 746 3001 affectum
763 2926 911 3001 iudicat!

224 3107 260 3203 Si,
277 3152 320 3191 me
335 3134 457 3203 absente,
475 3133 692 3191 Alcesimarchus
706 3134 807 3203 veniet,
823 3133 907 3192 nolite
922 3133 1023 3191 aeriter

224 3224 292 3281 Eum
309 3223 474 3293 inclamaue3
490 3233 517 3281 et
532 3232 563 3280 ut
577 3241 644 3298 erga
657 3231 726 3282 mest
740 3225 865 3294 meritus,
881 3224 918 3280 mi
934 3223 1036 3281 eordist
1052 3232 1157 3293 tamem

225 3314 287 3383 Sed,
305 3313 414 3383 amabo,
431 3312 588 3388 tranquille,
603 3331 637 3370 ue
653 3313 804 3388 quidquod
819 3313 859 3369 idi
876 3313 966 3370 doleat
980 3312 1080 3370 dixeris
1095 3313 1144 3384 (2).

201 3504 321 3578 ludam
333 3505 496 3581 amaturis
516 3505 620 3581 verba
633 3487 854 3603 saoasegnia
866 3509 1077 3601 sequundum
1098 3499 1219 3578 omues

153 3613 303 3708 etsemei
314 3631 426 3738 ipsum
439 3631 627 3725 occisurus,
638 3629 844 3708 omuibuset
857 3629 1055 3727 sibipaaoia
1073 3627 1218 3728 nequid·

153 3780 259 3856 quam
282 3767 430 3833 mortem
449 3767 524 3833 erat
542 3767 579 3833 ut
606 3781 642 3833 se
666 3757 874 3834 benevolum
895 3765 929 3832 et
949 3755 1102 3830 amicum
1122 3755 1217 3830 reei-

153 3883 241 3981 pia13
277 3882 513 3982 nequidquam
555 3883 709 3981 increpat
744 3906 821 3959 eam
860 3881 962 3956 nimis
1002 3888 1214 3968 mammeam

153 4009 308 4106 quemvis
342 4007 499 4108 gladium
531 4017 646 4086 tenea
681 4009 903 4100 subrectum,¹
935 4006 1061 4084 dubius
1100 4014 1218 4082 ulrum

184 4213 217 4278 (ι)
234 4215 305 4274 aaa,
324 4215 355 4274 u,
372 4214 393 4263 i.

184 4291 219 4356 (a)
237 4293 309 4355 eae„
323 4295 341 4354 1,
357 4292 379 4341 1.

277 4393 374 4432 aduam.
