3330 5258
610 475 768 538 -43-

152 613 284 711 pulsus,
316 633 533 710 quaecunque
564 618 662 710 pater
692 611 926 710 imperaturus
963 613 1007 686 sit
1038 636 1074 689 se
1106 613 1223 690 lactu-

153 761 234 811 rum
257 759 416 812 essenon
438 739 518 811 satis
537 736 871 834 cautusprofitetur;
897 745 993 835 patre
1016 762 1097 814 vero
1108 741 1223 814 statim

152 855 295 938 uxorem
331 863 526 938 ducendam
567 863 774 960 imperante,
814 863 981 938 reclamat
1016 887 1086 938 uno
1118 865 1224 942 verbo

153 989 351 1064 adolescens
373 989 470 1087 quasi
496 971 638 1087 poenam'
652 988 817 1063 leviorem
840 991 1098 1086 exspectaverit,
1120 1001 1224 1089 atque

154 1116 272 1190 animo
295 1115 352 1189 vix
374 1139 393 1190 e
414 1114 536 1190 mediis
560 1114 792 1213 voluptatibus
818 1115 935 1212 elapso
947 1122 983 1190 ct
998 1116 1114 1190 adhuc
1132 1117 1224 1192 male

154 1241 343 1339 composito
368 1263 510 1340 gravem
534 1241 767 1316 conditionem
792 1238 1007 1315 reformidet.
1034 1243 1221 1316 Venustum

153 1375 187 1442 et
213 1367 362 1442 facetum
393 1367 572 1466 ingenium
598 1368 652 1442 vel
674 1367 880 1441 emendatus
906 1366 1056 1464 Clitipho
1081 1369 1220 1459 retinet,

153 1516 219 1568 nec
250 1517 375 1592 parum
399 1493 520 1591 lepidis
547 1471 660 1568 verbis
683 1517 718 1568 se
737 1493 827 1590 patri
851 1493 1170 1589 obtemperaturum
1189 1503 1224 1569 et

153 1643 297 1710 uporem
330 1621 518 1694 ducturum
554 1643 627 1694 esse
656 1619 794 1694 tandem
827 1619 1010 1716 pollicetur
1043 1643 1123 1693 cum
1157 1619 1223 1695 hac

152 1746 356 1843 exceptione
384 1769 428 1820 nc
456 1773 473 1812 r
500 1744 579 1819 rufa
601 1745 662 1828 sit,
691 1744 809 1834 caesia,
833 1768 950 1843 sparso
980 1745 1060 1836 ore,
1085 1746 1223 1820 adunco

153 1893 237 1945 naso
256 1900 273 1938 u
290 1871 349 1967 (l).

202 1994 375 2092 Adelphos
400 1995 614 2070 lascivientes
637 2018 717 2070 vere
745 1995 969 2070 Terentianos
994 1995 1226 2072 adolescentes

151 2122 234 2194 item
251 2121 444 2220 agnoveris.
467 2121 563 2195 Alter
582 2119 722 2195 nomine
747 2120 921 2217 Ctesipho,
944 2129 1076 2216 epatre
1093 2124 1223 2218 parcis-

152 2248 241 2320 simo
260 2256 295 2320 et
308 2246 493 2320 durissimo
514 2246 585 2319 ruri
601 2245 759 2335 eductus,
777 2245 909 2320 tristem
921 2245 1136 2343 disciplinam
1155 2246 1225 2320 fur-

151 2373 215 2446 tim
238 2371 491 2468 transgreditur
513 2379 547 2446 et
573 2371 751 2466 psaltriam
782 2394 908 2468 cupere
937 2372 1058 2459 audet;
1087 2373 1225 2469 quantis

153 2507 271 2572 autem
288 2497 379 2572 curis
399 2497 559 2571 turbatur
577 2520 620 2570 ne
635 2498 794 2571 resciscat
810 2504 907 2594 pater
926 2521 1031 2594 quam
1044 2507 1225 2594 protervus
1273 2591 1277 2597 ι
1300 2504 1306 2520 ’

154 2625 214 2698 sit!
233 2627 340 2723 Negat
353 2625 432 2698 leno
445 2624 623 2721 psaltriam
639 2623 750 2720 inopi;
767 2646 834 2697 non
848 2624 914 2698 hoc
925 2624 1064 2721 quidem
1082 2647 1221 2714 novum,

154 2751 326 2847 multique
355 2750 411 2823 alii
440 2758 625 2839 amatores,
643 2750 679 2822 in
702 2748 840 2824 easdem
868 2749 1040 2847 angustias
1069 2750 1222 2839 adducti,

154 2876 306 2973 plurima
319 2876 476 2950 conando
497 2874 638 2949 tandem
662 2897 725 2948 suo
740 2883 818 2949 voto
835 2875 931 2972 potiti
952 2882 1044 2949 sunt.
1063 2876 1224 2974 Ctesipho

155 3002 321 3094 timidior,
347 3009 442 3076 metu
470 3002 577 3099 patris
604 3001 706 3074 simul
729 3024 770 3075 ac
788 2985 914 3076 misero
944 3024 1063 3075 amore
1090 3003 1225 3098 impul-

155 3151 226 3217 sus,
241 3127 398 3202 exsilium
416 3127 617 3216 meditatur,
644 3150 708 3202 nec
725 3127 812 3224 sicut
834 3128 866 3199 in
887 3129 1080 3202 Mercatore
1098 3128 1225 3202 Chari-

155 3277 222 3327 nus
236 3277 270 3326 se
277 3253 425 3351 jamjam
436 3252 671 3350 profecturum
681 3276 754 3327 esse
764 3252 823 3327 diu
835 3253 1004 3341 clamitat;
1019 3255 1089 3328 imo
1102 3276 1225 3352 parum

156 3377 268 3452 ahfuit
288 3379 371 3475 quin
403 3378 474 3474 ipse
503 3377 609 3453 lratcr
625 3377 810 3453 AEschinus
829 3386 902 3452 tam
920 3403 1024 3477 grave
1044 3380 1224 3454 consilium

158 3505 346 3604 ignoraret,
361 3513 396 3579 et
412 3505 527 3603 egenti
542 3505 648 3580 serius
663 3505 830 3578 auxilium
848 3504 998 3580 allerret.
1016 3507 1107 3595 Quid
1121 3506 1225 3604 igitur

157 3627 402 3725 Ctesiphonem
419 3629 595 3726 prohibuit
624 3630 811 3727 quominus
836 3629 917 3704 huic
941 3631 1083 3705 minime
1100 3654 1223 3707 censc-

157 3755 245 3826 riam
261 3756 465 3852 gravitatem
482 3753 655 3851 profitenti
672 3779 752 3830 suos
768 3779 888 3830 sensus
907 3757 1078 3853 aperiret?
1098 3780 1223 3855 nempe

158 3879 271 3977 pudor
293 3879 355 3976 (ᾖ).
998 3892 999 3896 ’
1259 3857 1262 3864 ¹

207 4006 317 4078 Tanta
356 4005 521 4081 timiditas
551 4029 621 4081 non
659 4008 824 4106 ignavum
867 4008 1044 4106 ingenium
1085 4009 1222 4109 arguit,

187 4197 224 4274 (ll
238 4197 339 4261 liccat,
355 4202 383 4261 V,
399 4201 414 4249 5

187 4277 223 4344 (2)
239 4279 300 4342 Ad„
316 4281 349 4342 11,
362 4279 387 4330 l.
