3330 5258
603 511 763 573 ...33-

145 643 388 743 preoccupnt;
402 667 500 744 poene
513 645 634 720 eodem
646 643 724 721 vota
736 669 801 722 nec
813 641 861 720 itu
875 639 1093 722 dissimitibns
1105 623 1216 724 verbio

146 769 244 856 iecit,
275 778 313 844 ut
332 770 514 868 suspiceris
547 770 688 845 latinam
722 771 873 847 fabulam
908 765 1024 848 vel'iu
1060 765 1215 850 nostrum

144 895 344 972 sermonem
369 919 517 987 versam,
539 898 593 972 uel
612 920 634 970 n
653 893 870 971 loFontoz'ne
891 898 1017 974 iterum
1033 892 1216 976 tractatam

144 1022 270 1120 gallico
288 1023 445 1120 scriptori
464 1045 533 1098 non
547 1022 690 1099 omnino
709 1023 920 1122 incognitam
938 1017 1041 1100 fuisse
1059 1025 1125 1126 (1).

147 1299 279 1357 Cnrnnnn.
294 1331 329 1344 -
343 1297 364 1356 0
376 1299 545 1357 fortunatum
558 1299 640 1356 istum
653 1299 820 1370 eunuchum,
834 1301 879 1373 qui
893 1299 1004 1374 quidem
1016 1301 1045 1357 in
1057 1301 1126 1358 hanc
1139 1303 1219 1359 detur

1075 1390 1215 1460 [domumt

150 1477 336 1554 Pnnnnno.—
346 1477 414 1543 Quid
427 1478 484 1534 ita?

365 1611 413 1667 Cn.
428 1643 463 1652 —
478 1611 608 1684 Rogitas?
619 1628 727 1667 summa
737 1611 846 1666 fortuna
856 1626 966 1684 semper
973 1611 1217 1668 conservnmdomi

223 1700 341 1770 Videbit,
355 1701 542 1773 conloquetur‚
557 1700 644 1756 aderit
656 1717 711 1755 una
723 1699 751 1754 in
763 1699 826 1754 unis
838 1699 951 1754 aedibus.

224 1790 397 1848 Cibum‘non
419 1807 567 1863 numquam
590 1789 679 1863 capiet
700 1805 760 1845 cum
783 1805 834 1845 ea:
858 1789 994 1845 interdurn
1020 1799 1132 1866 propter
1156 1791 1219 1847 dor-

1077 1881 1157 1952 [miet
1170 1880 1217 1952 (ἓ).

202 2026 420 2100 Cherubinns
434 2038 551 2101 entem
567 2025 763 2099 suzannam
776 2025 972 2122 alloquens:

188 2240 255 2296 Mais
271 2248 367 2314 quotu
380 2257 410 2296 es
423 2240 577 2297 heurcuse!
595 2240 611 2296 ὲ
625 2248 686 2297 tous
698 2249 835 2297 moments
847 2241 873 2296 la
889 2241 957 2308 voir,
975 2240 1013 2296 lui
1032 2240 1135 2314 parler,
1151 2240 1221 2298 l’ha-

150 2330 234 2394 bilior
258 2330 284 2386 le
307 2330 392 2414 marin
414 2338 441 2386 et
463 2330 492 2416 ia
516 2329 685 2387 dishabiller
705 2329 731 2386 le
752 2331 818 2400 scir,
841 2328 950 2404 e'pingle
965 2329 980 2386 ai
995 2327 1137 2404 epingle...¹
1160 2331 1219 2387 Ah!

149 2417 255 2475 Simon!
276 2419 305 2491 Je
327 2417 471 2476 donnerais
486 2418 557 2491 (3)...

201 2626 390 2702 Cherubini
427 2649 546 2713 amor,
582 2628 644 2702 etsi
685 2627 865 2716 incensus,
902 2626 1029 2724 aliquid
1059 2635 1218 2702 tenerum

152 2763 188 2826 et
217 2774 321 2826 suave
346 2751 477 2828 redolet
510 2751 603 2849 qnod
636 2752 891 2850 epromptiore
923 2751 1067 2827 Chaeree
1094 2753 1221 2828 frustra

153 2877 310 2976 requires
336 2907 345 2951 ι
375 2877 469 2952 nouit
491 2876 604 2967 enim,
631 2877 771 2952 nemine
800 2877 862 2950 nisi
894 2885 1019 2951 natura
1054 2876 1217 2966 docente,

153 3003 342 3078 mulierum
364 3033 381 3072 u
406 3003 526 3078 molles
548 3002 662 3079 editus
686 3010 721 3077 ct
748 3009 906 3099 temporo
922 3031 960 3092 »‚
983 3023 1046 3078 nec
1065 3003 1155 3076 ullus
1183 3003 1218 3075 in

123 3102 125 3115 ¹
153 3129 258 3203 letina
283 3127 398 3202 tabula
428 3129 523 3202 locus
555 3150 597 3204 ea
616 3127 835 3227 jucunditate
857 3126 1039 3225 adspersus
1066 3135 1127 3212 est,
1153 3150 1221 3224 que

153 3249 217 3328 nos
230 3255 377 3329 delectat
391 3252 631 3328 brevissimum
646 3252 751 3351 hujus
765 3251 991 3328 adolescentis
1012 3251 1220 3328 verecundia

153 3379 256 3453 simul
283 3379 463 3456 trementis
489 3387 524 3454 et
554 3401 673 3453 amore
702 3377 879 3477 flagrantis
907 3399 987 3452 cum
1018 3378 1221 3453 amatodo

155 3505 250 3580 mina
273 3505 497 3603 colloquium.
516 3506 594 3593 Quo
620 3503 745 3602 leporis
773 3503 939 3602 exquisito
964 3525 1092 3600 genere
1110 3503 1221 3578 uictus

187 3747 221 3811 (t)
238 3747 317 3796 Genin
331 3763 380 3798 non
392 3749 490 3799 dubitat
502 3750 561 3812 quin
569 3747 723 3798 cherubinos
733 3746 836 3810 elepido
850 3746 939 3795 medice
951 3743 1033 3794 aetatis
1045 3745 1144 3808 scripto,
1155 3745 1221 3806 quod

154 3829 234 3878 iehan
246 3828 276 3878 de
294 3827 394 3879 Scintre'
407 3829 559 3891 inscribitur,
572 3830 692 3892 repetitus
705 3828 778 3877 suerit
786 3827 794 3887 i
800 3826 938 3879 Veriotions
953 3824 986 3875 du
996 3823 1101 3888 lonooye
1111 3824 1221 3887 franceis

154 3905 239 3970 monio
249 3907 271 3956 lc
280 3907 411 3968 xrrcr'e'cle,
421 3907 588 3972 montinio).
606 3911 640 3957 De
649 3906 762 3956 Lomenie
777 3907 919 3968 scriptorem
933 3903 1054 3953 comicum
1068 3903 1222 3965 potiusarbi·

156 3991 234 4034 tratur
255 3987 285 4036 ad
300 4001 351 4036 suae
372 3986 511 4055 fervidiorio
532 3989 638 4036 {etatulm
661 3985 849 4035 similitudinem
869 3984 932 4034 hanc
949 3995 1079 4046 perronam
1098 3981 1222 4031 effinxisse

155 4065 357 4128 (Beoumorohois
367 4069 391 4117 et
401 4081 446 4117 son
457 4069 544 4131 tempe,
560 4071 576 4115 t.
588 4067 606 4127 l,
621 4067 699 4127 Parin,
716 4063 804 4130 1858);
819 4078 868 4126 qua
883 4064 982 4127 quidem
993 4061 1019 4111 in
1034 4077 1061 4112 re
1077 4064 1147 4125 plura
1162 4061 1222 4110 faci·

155 4147 202 4197 lius
216 4148 332 4212 conjicias
346 4163 419 4210 quarn
436 4161 512 4196 unum
525 4160 658 4198 assereres.

186 4227 220 4292 (ᾖ)
236 4228 314 4289 Euro,
330 4229 360 4288 ll,
374 4228 398 4278 3.

187 4310 222 4374 (3)
238 4309 271 4360 Le
284 4309 395 4374 Marione
408 4309 438 4360 de
451 4307 550 4374 Finem.
566 4316 620 4358 ecte
631 4309 651 4370 l,
664 4321 699 4358 se.
710 4319 753 4358 vn.
833 4349 835 4368 ἰ
864 4365 867 4370 ,

282 4409 381 4450 nnnrln.
460 4433 461 4436 ,
