3330 5258
891 398 1048 460 ..40-

438 547 500 628 est,
519 537 600 610 uilia
615 537 718 628 videt,
740 545 844 633 alque
866 534 970 610 oliam
989 532 1094 622 dolet,
1121 529 1179 606 sed
1208 531 1350 621 cursim,
1380 538 1419 605 ut
1445 531 1504 630 qui

439 663 562 752 sentiat
578 686 614 738 se
630 661 778 737 dolendo
794 659 879 736 nihil
897 657 1135 756 profecturum
1152 679 1223 732 esse
1242 685 1251 728 ε

509 857 595 914 lleast
606 865 713 931 potens,
728 871 838 930 procax,
852 853 1005 926 magnilica,
1021 859 1190 926 sumptuosa,
1206 851 1368 924 nobilisll).

384 1081 388 1088 ,
440 1027 561 1101 Cliniae
584 1026 637 1099 sui
664 1025 767 1100 amici
791 1024 949 1100 meliores
977 1045 1112 1098 amores
1134 1022 1265 1112 laudat,
1290 1023 1362 1120 ipse
1388 1030 1505 1097 autem

442 1150 629 1227 deteriores
647 1149 815 1247 sequitur,
832 1148 949 1222 multis
965 1146 1136 1222 illecebris
1156 1146 1337 1222 delibutos.
1359 1147 1507 1221 Facilio-

443 1299 517 1352 rem
550 1284 584 1350 et
619 1275 681 1348 sibi
706 1275 809 1348 nimis
834 1247 1071 1372 indulgentem
1099 1280 1258 1346 naturam
1286 1272 1508 1347 commendat

445 1401 566 1474 sallem
586 1407 732 1474 venusta
747 1407 781 1474 ct
798 1398 913 1497 lepida
934 1398 1144 1497 ingenuitas,
1160 1397 1230 1473 sive
1248 1397 1377 1473 latetur
1394 1398 1507 1471 mium

444 1525 581 1623 apudse
593 1525 706 1600 ualere
715 1526 822 1622 patris
831 1546 937 1621 quam
951 1525 1072 1598 amicae
1084 1523 1201 1613 verba,
1210 1523 1279 1598 sive
1291 1532 1405 1620 patres
1417 1525 1508 1598 uelut

446 1652 580 1749 iniquos
594 1651 630 1723 in
644 1672 765 1725 omnes
775 1649 1006 1725 adolescentes
1015 1648 1150 1747 judices
1163 1640 1359 1746 increpans,
1372 1649 1509 1724 orituris

446 1799 488 1852 ex
503 1799 538 1852 se
548 1775 625 1849 filiis
635 1799 671 1850 se
685 1775 922 1874 benigniorem
941 1774 1096 1849 futurum
1110 1797 1183 1850 esse
1196 1775 1377 1872 promittit.
1395 1777 1509 1849 lucer-

448 1913 523 1976 tum
543 1910 594 1976 est
613 1910 728 1975 utrum
747 1907 782 1976 et
803 1901 874 1998 ipse
890 1901 972 1975 olim
990 1908 1088 1998 pater
1102 1908 1264 1998 paternos
1276 1924 1396 1977 sensus
1408 1901 1510 1976 indu-

447 2036 547 2103 turus
564 2027 607 2101 sit
625 2049 747 2120 neone,
771 2026 831 2102 sed
851 2049 945 2101 nunc
967 2026 1165 2102 adolescens
1187 2026 1457 2103 adolescentium
1476 2038 1510 2102 ut

450 2151 1512 2251 mores,sicorationemhabet,hocipsonaturacpropiorqnam

449 2278 596 2352 Plautini
614 2287 785 2353 amatores
799 2277 967 2373 sapientia
980 2276 1077 2352 senili
1092 2299 1155 2351 sua
1171 2278 1338 2376 juvenilia
1361 2276 1512 2353 sacinora

450 2404 695 2502 vituperantes.
716 2400 838 2476 Vivida
852 2400 1006 2498 quidem,
1025 2424 1094 2475 non
1112 2411 1229 2478 autem
1241 2401 1423 2497 ellreuata,
1446 2427 1514 2500 qua

451 2537 601 2618 tenetur,
631 2526 815 2624 cupiditas,
847 2526 988 2624 pudoris
1015 2551 1130 2602 moras
1160 2529 1267 2604 nouit.
1302 2530 1389 2627 Syro
1421 2531 1514 2605 enim

451 2675 550 2728 servo
561 2651 1081 2750 nuntianteBaochidemquasi
1094 2653 1334 2728 Cliniaeamica
1344 2656 1516 2753 sil,ipsius

452 2778 645 2854 Chremetis
670 2776 813 2852 domum
834 2777 979 2877 J'amJ'am
1010 2779 1215 2855 intraturam
1234 2803 1307 2855 esse
1332 2804 1403 2878 quo
1428 2781 1516 2856 laci-

453 2905 519 2978 lius
533 2911 689 2979 amantes
708 2925 771 2977 suo
785 2903 901 2978 animo
918 2926 1051 2979 morem
1072 2913 1207 3004 gerant,
1231 2906 1383 3003 primum
1405 2916 1518 3004 stupet

454 3039 488 3106 et
518 3028 731 3126 indignatur,
766 3027 891 3104 deinde
922 3029 1012 3104 inter
1038 3029 1208 3126 pudorem
1238 3040 1453 3107 commotum
1485 3041 1518 3108 et

455 3154 660 3230 calefactum
679 3175 833 3229 amorem
859 3155 1007 3253 jactatus
1033 3155 1147 3231 nescio
1166 3179 1209 3230 an
1229 3156 1368 3232 eederet
1393 3159 1516 3248 amori,

456 3280 521 3354 nisi
542 3279 665 3353 Cliniae
690 3288 724 3354 et
747 3281 823 3379 Syri
841 3279 989 3355 consiliis
1008 3289 1203 3380 urgeretur,
1229 3290 1263 3357 et
1286 3283 1359 3380 ipse
1382 3283 1520 3360 timeret

456 3427 500 3480 ne
511 3405 724 3502 voluptatem
737 3404 781 3480 ad
798 3428 941 3479 manum
955 3415 1111 3502 paratam
1125 3408 1278 3504 procula
1292 3431 1328 3483 se
1345 3409 1378 3481 in
1398 3431 1520 3507 perpe·

455 3539 555 3604 tuum
584 3538 772 3606 amoveret.
806 3530 933 3629 Syrum
963 3530 1184 3607 simulantem
1213 3554 1249 3607 se
1282 3533 1391 3625 abire,
1423 3533 1520 3633 quasi

455 3654 664 3730 Bacchidem
695 3655 901 3731 remissurus
934 3656 991 3746 sil,
1023 3656 1211 3732 identidem
1241 3668 1391 3749 revocat,
1427 3659 1520 3734 etri

455 3777 655 3874 cupiditatis
671 3779 813 3855 tandem
827 3781 947 3872 uictus,
970 3783 1141 3857 exclamat
1157 3807 1166 3856 z

529 3953 563 4012 Et
578 3972 621 4011 me
636 3963 664 4012 et
677 3972 769 4014 meum
784 3975 905 4015 amorem
918 3968 945 4017 et
956 3959 1058 4017 lamam
1069 3959 1199 4034 permitto
1210 3960 1260 4018 tibi
1274 3961 1325 4034 (ἓ).

491 4128 525 4193 (l)
542 4126 641 4189 Heout,
658 4128 691 4188 ll,
707 4127 729 4178 l.

490 4208 525 4274 (ἲ)
541 4208 641 4268 Hecat,
659 4210 688 4269 ll,
705 4209 727 4258 3.
