3330 5258
604 507 744 567 ...3ss

141 645 192 740 gis
214 665 320 740 quam
349 642 450 718 laude
476 648 598 715 auctus
625 640 766 738 (quippe
788 642 887 738 cujus
913 665 1012 716 arma
1032 644 1074 717 ad
1093 645 1207 721 hostes

140 768 453 863 transvolaverint)‚
475 789 511 841 se
533 787 679 863 corpore
697 765 838 862 quidem
867 767 1035 842 valentem
1058 769 1101 841 ab
1125 771 1208 843 ani-

143 918 201 969 mo
218 903 384 993 egrotare
403 893 573 991 queritur.
596 894 686 981 Quot
710 892 843 966 animos
867 892 923 968 ille
945 892 1071 968 habeat
1092 895 1208 970 Thes-

142 1020 299 1117 prionem
327 1019 542 1117 armigerum
577 1041 696 1092 servus
729 1017 892 1114 Epidicus
922 1027 1020 1117 rogat
1045 1020 1110 1118 (l),
1144 1045 1209 1096 nec

144 1145 329 1220 immerito.
348 1144 590 1242 Stratippocles
602 1144 696 1218 enim
714 1143 898 1217 militatum
910 1144 1066 1218 abiturus
1084 1146 1209 1243 Epidi-

144 1295 224 1345 cum
256 1271 404 1369 jusserat
437 1269 613 1344 fidicinam
648 1269 712 1342 sibi
750 1291 865 1342 caram
907 1293 1047 1364 emere3
1092 1271 1210 1346 levitas

144 1407 262 1471 autem
284 1397 400 1472 herilis
428 1397 585 1470 seruilem
615 1395 831 1492 diligentiam
859 1396 998 1472 inanem
1025 1397 1151 1486 ellecit,
1176 1407 1210 1474 et

145 1522 260 1596 statim
277 1520 427 1595 fastidita
450 1520 506 1593 vix
531 1527 648 1617 empta
675 1518 783 1594 delusi
811 1521 917 1617 patris
939 1544 1024 1597 auro
1056 1521 1208 1618 fidicina,

142 1648 214 1746 jam
235 1647 404 1746 captivam
422 1646 600 1743 deperibat

217 1853 308 1927 Usque
324 1854 359 1910 ab
373 1851 519 1924 unguiculo
531 1851 566 1919 ad
581 1851 710 1925 capillum
723 1868 859 1908 summum
870 1852 1082 1912 festivissumam
1094 1854 1146 1930 (1).

194 2038 264 2110 Nec
286 2035 445 2133 equidem
467 2035 566 2108 valde
591 2034 698 2108 miror
716 2034 931 2109 moderatum
952 2038 1123 2132 animum,
1143 2063 1212 2137 quc

145 2163 238 2236 velut
253 2162 387 2236 insolito
402 2160 569 2260 gloriatur
582 2183 593 2234 ε

218 2368 252 2424 At
262 2365 400 2440 pudicitiae
412 2367 471 2440 ejus
485 2382 634 2440 numquam
646 2382 697 2422 nec
712 2365 775 2434 vim,
792 2382 843 2421 nec
857 2365 954 2422 vitium
969 2367 1056 2424 adtuli
1071 2369 1121 2440 (3).

195 2566 270 2638 Non
308 2572 443 2661 poterat
476 2570 578 2661 poeta
610 2586 679 2646 non
707 2563 740 2637 ei
768 2565 981 2638 verecundos
1010 2588 1147 2641 amores
1170 2567 1213 2641 ad

148 2688 252 2764 breue
290 2697 426 2786 tempus
469 2689 647 2786 imponere
690 2711 768 2763 mox
812 2689 846 2761 in
887 2689 1022 2784 captiva
1061 2715 1213 2766 sororem

148 2815 320 2912 agnitum,
349 2823 383 2888 et
406 2814 481 2912 jam
507 2813 614 2886 nimia
627 2812 755 2888 audere
777 2813 913 2888 videtur
938 2839 1048 2912 quum
1071 2814 1211 2891 fratrem

150 2939 281 3014 inducit
296 2939 421 3014 sororis
440 2940 493 3014 vel
509 2940 634 3038 ignotae
648 2939 783 3036 lepores
795 2939 909 3013 verbis
921 2939 969 3014 ita
987 2940 1108 3014 vividis
1124 2965 1215 3038 prae-

150 3065 336 3140 dicantem.
353 3067 516 3139 Ceterum
535 3065 638 3138 habet
662 3063 756 3139 domi
774 3065 865 3160 quod
882 3073 988 3156 amet,
1015 3089 1121 3164 opera
1133 3068 1216 3163 Epi-

150 3190 230 3278 dioi,
247 3191 504 3288 Stratippocles,
534 3200 638 3287 atque
658 3189 702 3264 ad
727 3188 900 3263 fidicinam
929 3191 1049 3266 cadem
1079 3193 1217 3268 levitate

150 3315 238 3391 redit
262 3340 332 3414 qua
353 3339 464 3413 nuper
482 3338 559 3389 eam
579 3315 790 3404 deseruerat,
813 3315 932 3412 priscis
947 3325 980 3390 et
999 3316 1218 3392 liberioribus

151 3440 327 3516 amoribus
346 3463 482 3515 amores
496 3449 650 3516 recentes
670 3449 703 3514 et
717 3440 854 3538 jejunos
867 3440 1048 3516 solaturus

200 3567 279 3642 Dies
302 3589 373 3640 una
396 3566 485 3640 benc
505 3575 679 3640 moratum
708 3573 742 3640 et
766 3589 864 3663 paene
888 3564 950 3640 feri
971 3565 1099 3664 ingenii
1126 3569 1217 3643 ado-

185 3827 218 3891 (1)
235 3823 360 3892 Epidicus,
375 3829 393 3888 l,
410 3827 552 3877 1.-1>a1·ei
567 3829 702 3877 editionem
711 3825 792 3891 (1619)
804 3829 902 3876 secutus
913 3841 975 3888 sum,
988 3842 1043 3890 quae
1054 3830 1092 3878 vel
1103 3829 1128 3878 in
1140 3833 1218 3890 textu,

152 3911 193 3958 vel
202 3910 228 3958 in
238 3911 302 3958 notis
319 3908 411 3958 criticis
423 3909 514 3957 Veteris
523 3908 620 3958 Codicis
635 3907 781 3970 scripturam
792 3907 901 3966 exhibet,
911 3921 956 3955 nec
965 3901 1113 3970 praetermisi
1123 3909 1219 3958 labulas

154 3991 220 4038 baud
235 3990 269 4037 ita
283 3990 378 4052 pridem
388 3989 465 4038 editas
481 3989 610 4050 inspicere,
624 4003 665 4037 eas
678 3989 816 4050 praesertim
832 4002 892 4049 quas
903 3987 999 4037 Bitschl
1014 4004 1044 4039 ex
1060 3991 1218 4040 Ambrosianc

154 4070 239 4118 codice
252 4071 384 4118 recensuit.
400 4073 435 4118 bc
444 4069 563 4118 Plautinis
577 4070 705 4120 codicibus
712 4070 768 4120 vide
776 4069 879 4126 Ritscbl‚
887 4071 911 4118 T.
922 4071 1085 4123 MacciPlauti
1101 4071 1219 4122 Priscum-

152 4165 218 4209 mus,
230 4151 434 4213 Prclcpomcaoo.
448 4150 603 4210 Elbcrfeldae,
617 4148 687 4199 1819.

186 4228 218 4293 (1)
236 4229 342 4292 Epidic,
356 4231 383 4289 ll,
398 4230 421 4277 1.

186 4309 220 4372 (3)
237 4308 341 4374 llpidic,
356 4309 375 4369 1,
390 4307 413 4358 1.
