3330 5258
964 513 1002 578 68
1023 547 1063 559 .-

498 650 544 725 Ut
566 649 689 724 ceteris
717 649 885 724 Plautinis
908 650 1073 747 personis,
1102 650 1152 722 sic
1173 647 1447 722 adolescentibus
1472 648 1514 722 ad

450 775 520 849 veri
538 772 795 848 similitudinem
813 773 1038 872 depingendis
1052 781 1152 848 nocet
1166 772 1279 870 ipsum
1293 772 1405 846 Plauti
1424 771 1515 871 inge-

451 898 562 988 nium,
593 899 765 997 petulans,
795 899 1024 985 concitatum,
1055 921 1165 996 nsque
1193 896 1238 971 ad
1263 896 1384 972 vitium
1413 898 1515 971 luxu-

449 1024 554 1098 rians.
588 1026 706 1114 Quum
733 1032 889 1121 oporteat
916 1046 987 1114 eos,
1014 1023 1205 1098 secundum
1229 1031 1359 1098 rectam
1378 1031 1511 1113 artem,

448 1172 548 1223 suam
565 1171 640 1224 rem
655 1172 770 1249 agere,
790 1149 895 1224 verba
915 1149 978 1223 sibi
998 1157 1133 1224 tanturn
1153 1148 1392 1223 convenientia
1405 1148 1512 1245 loqui,

448 1297 540 1371 saepe
561 1274 693 1348 subitus
713 1282 747 1349 et
770 1274 976 1372 improvisus
999 1273 1230 1349 interveniens
1254 1280 1356 1370 poeta
1382 1251 1515 1348 sermo-

449 1422 543 1494 nem,
569 1423 672 1497 quern
699 1400 843 1490 habent,
869 1399 1008 1497 excipit,
1027 1407 1061 1474 et
1084 1421 1145 1473 suo
1171 1399 1337 1473 arbitratu
1358 1398 1511 1497 peragit;

447 1549 502 1614 ea,
524 1549 602 1623 quae
619 1526 783 1617 sentiunt,
801 1534 860 1600 aut
879 1524 1069 1623 amplificat
1082 1535 1117 1602 et
1125 1525 1259 1625 longius
1273 1523 1512 1615 circumducit,

448 1659 509 1726 aut
530 1652 672 1740 excutit,
699 1652 821 1749 carpit,
846 1651 978 1741 irridet,
1005 1659 1065 1724 aut
1091 1653 1202 1726 omnis
1220 1650 1365 1748 -generis
1386 1647 1515 1725 facetiis

450 1777 565 1851 turbat
589 1786 624 1852 et
643 1765 818 1852 exhilarat
838 1775 903 1874 (l).
931 1775 1015 1851 lnde
1042 1774 1082 1850 fit
1104 1784 1142 1850 ut
1172 1776 1353 1850 dissolutus
1383 1784 1516 1850 amator

447 1903 615 2000 sapientia
633 1904 867 2000 inexspectata
884 1900 1067 1994 redundet,
1084 1925 1106 1975 a
1125 1925 1185 2000 spe
1213 1902 1396 1977 destitutus
1420 1902 1517 2001 jocos

446 2039 482 2105 et
512 2029 657 2126 ineptias
678 2027 831 2104 ellundat
852 2035 955 2126 atque
981 2028 1145 2125 patiatur,
1179 2027 1284 2102 iratus
1307 2051 1405 2102 suarn
1429 2027 1514 2101 iram

448 2154 521 2251 ipse
539 2154 732 2229 cavilletur.

496 2279 557 2355 Sui
583 2279 712 2378 ingenii
738 2277 944 2354 lascivientis
973 2278 1141 2375 impetum
1167 2279 1309 2354 Plautus
1338 2278 1453 2353 nescio
1472 2299 1529 2352 an·

381 2491 383 2499 ¹
449 2406 573 2504 saepius
597 2404 769 2496 cohibeat,
799 2403 863 2476 nisi
890 2404 982 2478 hanc
1006 2403 1143 2477 insitam
1164 2404 1340 2478 lasciviam
1364 2404 1517 2478 stimulet

448 2543 552 2629 atque
566 2538 691 2628 augeat
715 2529 789 2624 ipsa
808 2531 911 2628 vulgo
933 2527 1092 2626 placendi
1114 2529 1321 2604 necessitas:
1340 2553 1419 2627 quae
1439 2530 1516 2628 qui·

449 2657 528 2732 dem
543 2657 619 2756 jarn
637 2663 759 2752 sponte
773 2654 927 2729 currenti
946 2653 1054 2746 addit,
1074 2661 1111 2728 ut
1135 2654 1183 2728 ita
1201 2653 1329 2744 dicam,
1346 2655 1508 2729 calearia.

448 2783 564 2870 Quum
588 2779 780 2879 prasertim
806 2803 826 2855 e
851 2780 954 2878 vulgo
984 2779 1133 2876 pendeat
1158 2789 1276 2853 utrum
1298 2807 1315 2846 ι(
1337 2778 1451 2872 cadat,
1469 2803 1513 2853 an

450 2916 544 2982 recto
559 2914 624 2981 stet
637 2905 754 2980 fabula
768 2906 836 2981 talo
854 2931 871 2976 »
889 2905 950 3002 (d),
967 2913 1066 2980 cavet
1082 2912 1184 3002 poeta
1198 2927 1242 2980 ne
1256 2905 1350 3003 vulgi
1370 2904 1512 2979 taedium

452 3044 598 3112 moveat,
630 3041 666 3105 ut
694 3031 753 3130 qui
775 3031 855 3106 velit
886 3054 965 3104 suas
996 3029 1131 3108 fabulas
1158 3030 1423 3121 inveterascere,
1456 3037 1515 3105 aut

450 3160 569 3234 saltem
603 3180 712 3254 nsque
738 3155 782 3231 nd
805 3154 912 3231 finem
943 3157 1102 3252 spectari.
1137 3155 1215 3228 Alia
1241 3164 1357 3230 autem
1392 3155 1514 3254 probat

451 3284 588 3358 auditor
608 3281 775 3373 eruditus,
799 3281 865 3355 alia
888 3281 1039 3380 ignarus.
1062 3282 1246 3378 Postquam
1265 3267 1509 3355 alteriusbono

449 3409 580 3506 judicio
616 3407 782 3504 placitura
811 3407 953 3478 Plautus
988 3404 1135 3502 scripsit,
1169 3427 1210 3478 ea
1242 3405 1401 3504 largitur,
1435 3427 1510 3495 nec,

454 3543 491 3607 ut
516 3533 599 3626 diri,
634 3531 773 3620 invitus,
808 3553 897 3606 vena
930 3529 1080 3620 favente,
1113 3530 1239 3627 quibus
1265 3531 1406 3604 alterius
1437 3555 1511 3606 rus-

454 3659 565 3732 ticitas
608 3657 815 3743 delectetur,
855 3666 958 3754 atque
991 3657 1119 3746 etiarn,
1163 3657 1297 3753 quoties
1336 3656 1510 3754 expediat,
1612 3645 1621 3674 '

453 3784 631 3860 doceatur.
659 3782 743 3857 lndc
768 3805 809 3858 ea
828 3782 949 3871 nimia,
976 3781 1150 3872 indecora,
1183 3781 1313 3878 inepta,
1339 3791 1511 3879 proterva,

454 3910 571 3985 omnia
595 3910 637 3983 ad
666 3930 838 3982 summam
860 3928 999 3982 caveam
1026 3906 1225 4004 spectantia.

485 4145 518 4208 (1)
536 4142 596 4192 tlide
618 4140 741 4190 Boissier:
757 4137 882 4203 Quomodo
903 4137 998 4192 Groecos
1015 4140 1103 4202 poetes
1123 4139 1230 4189 Plautus
1252 4138 1429 4190 transtulerit?
1448 4141 1515 4190 Pari-

452 4225 505 4284 siis,
519 4222 579 4274 1857
591 4237 598 4284 ;
615 4219 720 4274 luccat
734 4220 835 4284 ρέπέταῑ
848 4219 884 4299 de·
893 4219 1060 4270 l’s'nrlructien
1071 4219 1196 4283 pullique,
1211 4219 1260 4270 mai
1275 4217 1345 4269 1859.

485 4304 519 4370 (ἓ)
537 4305 606 4364 lton,
621 4301 679 4366 Ep..
693 4301 725 4361 11,
739 4300 762 4350 l.
