3330 5258
628 481 785 544 ..37-

172 623 291 690 autem
310 616 383 714 ipsa
396 617 565 714 voluptas,
583 641 761 716 quasuum
775 642 907 717 aegrum
921 639 1075 694 amorem
1095 619 1238 709 solatur,

171 755 332 820 naturam
348 767 415 818 non
434 745 649 822 libidinosam
663 746 798 846 arguit:

604 950 681 1008 Certe
694 961 815 1010 extrema
827 953 899 1010 linea

244 1043 342 1098 Amare
353 1041 429 1098 haud
441 1041 479 1097 nil
492 1043 556 1113 est(
576 1044 596 1114 ).

172 1243 286 1331 Quam
315 1241 405 1316 iutra
439 1239 566 1316 lineam
593 1240 769 1316 Plautinos
804 1247 960 1316 amantes
985 1263 1091 1340 aegrc,
1120 1241 1237 1332 credo,

173 1366 347 1458 cohibeas,
369 1374 403 1441 et
423 1365 515 1440 hauc
534 1374 566 1440 et
584 1374 729 1456 ceteras,
746 1365 811 1440 nisi
836 1367 915 1441 leno
935 1365 1060 1454 obstet,
1083 1366 1240 1442 celeriter

172 1493 319 1568 transire
355 1491 482 1567 solitos.
521 1493 594 1566 Non
631 1491 792 1590 equidem
835 1514 925 1590 nego
958 1490 1117 1589 quaedam
1158 1490 1240 1566 huic

174 1617 300 1692 Tabulae
317 1618 427 1692 inesse
442 1640 462 1691 a
478 1616 576 1691 nobis
590 1617 712 1692 merito
728 1616 932 1714 respuenda,
948 1616 1092 1691 militem
1114 1638 1240 1715 nempe

172 1745 225 1818 vel
255 1743 300 1818 oh
332 1744 460 1818 bonam
488 1765 627 1818 causam
661 1743 696 1817 iu
727 1741 953 1817 adolescentis
988 1741 1093 1816 amati
1123 1743 1239 1817 locum

172 1869 427 1959 succedentem,
444 1871 525 1944 etin
542 1868 646 1944 domo
660 1867 800 1943 Thaidis
818 1867 862 1942 ah
882 1868 957 1965 ipso
968 1866 1129 1942 Phaedria
1146 1868 1240 1942 tole-

172 2003 289 2070 ratum
302 1995 397 2093 quasi
409 1995 576 2092 opimam,
590 1993 781 2069 undehene
795 1993 983 2083 vicinetur,
995 1992 1162 2091 praedam,
1178 1993 1238 2068 sed

172 2144 214 2196 ea
226 2143 330 2218 quam
342 2121 465 2196 leviter
478 2127 513 2195 et
525 2119 639 2217 lepide
652 2118 834 2194 Terentius
848 2119 1007 2214 attingitt
1026 2118 1130 2192 Thais
1144 2118 1238 2192 enim

173 2247 341 2345 virginem
373 2247 560 2344 ingenuam
585 2244 650 2318 sihi
678 2267 699 2318 a
728 2243 834 2318 milite
862 2243 1012 2317 oblatam
1038 2243 1240 2341 parentibus

173 2371 393 2461 restitutura,
433 2378 467 2445 et
492 2369 686 2445 Phaedriam
715 2368 874 2444 beneficii
899 2369 1033 2442 socium
1058 2367 1235 2458 habitura,

172 2520 247 2572 rem
263 2496 480 2572 inhonestam
502 2495 593 2570 bona
611 2496 724 2593 specie
750 2495 973 2594 benignitatis
1000 2495 1236 2585 commendat,

172 2630 277 2720 atque
303 2644 373 2696 uno
390 2621 509 2712 verbo,
532 2644 596 2696 nec
619 2621 837 2712 immodesto,
861 2619 1052 2720 significat:

245 2833 285 2902 ld,
301 2835 409 2905 amabo,
424 2834 517 2908 adjuta
528 2851 583 2903 me,
597 2851 651 2908 quc
663 2833 692 2890 id
704 2834 750 2890 fiat
762 2832 879 2889 facilius.

245 2924 308 2980 Sine
322 2923 400 2980 illum
411 2926 524 2996 priores
532 2925 630 2995 partis
644 2922 727 2980 hosce
741 2921 846 2996 aliquot
859 2921 918 2980 dies

246 3013 324 3087 Apud
338 3031 382 3071 me
397 3012 499 3070 hahere
514 3013 564 3086 (2).

173 3218 251 3312 lpse
263 3213 433 3311 parasitus
451 3212 602 3321 Gnatho,
622 3235 730 3310 quum
748 3211 944 3286 Phaedriam
969 3218 1068 3310 rogat
1087 3220 1125 3286 ut
1147 3211 1241 3285 mili-

175 3350 247 3416 tem
267 3339 361 3437 apud
386 3337 550 3414 Thaidem
572 3338 608 3411 iu
634 3345 731 3436 parto
761 3337 877 3435 aliqua
901 3359 1044 3412 manere
1070 3337 1237 3436 patiatur,

171 3466 260 3566 jocis
272 3473 307 3540 et
319 3464 445 3539 salibus
458 3465 506 3539 rei
522 3463 717 3564 efflagitata
741 3463 993 3559 turpitudinem
1012 3462 1116 3561 tegit3
1138 3487 1239 3538 suum

174 3593 268 3667 anim
296 3590 420 3666 herum
445 3588 600 3688 depingit
623 3588 767 3663 minime
792 3586 1051 3662 formidandum
1074 3586 1237 3678 rivalem,

174 3715 298 3814 opibus
310 3714 558 3803 abundantem,
572 3715 581 3787 i
587 3715 711 3812 ngenio
726 3713 901 3803 stolidum,
919 3714 955 3787 in
970 3734 1088 3788 amore
1100 3713 1238 3788 tardum

175 3851 211 3917 ot
240 3841 409 3926 inertem,
446 3840 491 3915 ad
519 3841 585 3915 hoc
612 3840 762 3937 denique
802 3848 920 3913 natum
959 3847 997 3912 ut
1036 3837 1239 3913 comedatur

176 3976 281 4064 atque
306 3965 479 4041 ebibatur.
505 3967 691 4063 Postquam
722 3965 880 4040 Phaedria
911 3964 1059 4039 breviter
1082 3964 1236 4054 assensit,

207 4199 241 4262 u)
258 4198 336 4259 naa,
353 4199 393 4258 tv,
407 4197 430 4245 n.

208 4277 242 4341 (a)
260 4277 337 4339 aaa,
353 4279 372 4337 ι,
388 4277 412 4325 a.
