3330 5258
622 470 660 478 -
685 434 719 494 5t
746 469 780 478 --

166 591 270 664 quam
292 568 485 658 vitiaverat,
510 591 651 644 uxorem
680 569 807 644 habere
828 577 980 658 coactae,
1005 570 1053 642 ita
1076 571 1233 646 Phrone-

167 694 271 780 sium,
284 717 383 768 suam
397 694 559 786 amicam,
574 695 687 770 valere
696 694 809 793 jubet,
828 703 865 768 ut
877 695 911 768 in
922 695 1026 770 breve
1040 703 1175 794 tempus
1189 695 1234 769 ab

167 843 210 894 ee
228 818 404 895 discedere
431 819 600 910 videatur,
624 819 682 896 sed
702 820 784 918 quid
812 843 930 895 revera
949 820 1101 895 evenerit
1121 821 1235 918 potius

168 945 311 1044 conjicis
339 969 443 1042 quam
473 954 689 1044 compertum
708 945 827 1020 habes.
852 947 955 1020 Plura
981 945 1024 1020 de
1053 946 1236 1044 Pamphilo

169 1073 341 1145 Parmeno
356 1093 474 1145 servus
492 1080 525 1145 et
545 1095 600 1146 res
614 1071 687 1168 ipsa
699 1063 765 1144 'rins
781 1070 815 1144 in
831 1069 967 1166 Hecyra
980 1071 1115 1146 docent.
1137 1074 1237 1146 Pam·
1293 1133 1295 1138 .

169 1197 286 1294 philus
305 1221 325 1271 a
344 1205 441 1294 patre
454 1199 575 1296 jussus·
594 1199 743 1294 pualtam
763 1181 890 1274 ducere
905 1185 1009 1295 quam
1027 1198 1237 1274 nesciebata

170 1345 207 1396 se
222 1323 316 1398 ebrio
327 1323 478 1420 quadam
493 1331 592 1398 nocte
605 1323 765 1398 violatam
779 1321 896 1413 tuisse,
915 1322 1054 1400 tandem
1069 1324 1099 1399 oi
1113 1345 1240 1422 parue—
1267 1391 1272 1400 .

171 1457 237 1538 rat,
254 1449 380 1524 invitus
394 1448 547 1546 quidem,
559 1449 616 1524 sed
632 1471 773 1546 sperans
793 1449 866 1524 tore
883 1459 918 1523 ut
939 1449 1078 1548 nuptias
1092 1450 1239 1527 tolerare

172 1583 285 1672 posset
291 1601 300 1662 ;
319 1598 428 1672 qrrum
444 1597 525 1650 vern
544 1553 613 1648 suae
628 1573 801 1671 patientie
821 1574 922 1648 nimis
938 1573 1087 1648 confisus
1105 1573 1237 1665 ruisset,

171 1699 311 1774 solitum
341 1722 422 1774 cum
449 1701 561 1774 amica
589 1700 839 1776 commercium
870 1679 1013 1776 minime
1040 1701 1237 1801 interrupit.

172 1826 257 1903 Vide
275 1837 389 1903 tamen
418 1835 455 1902 ut
476 1828 509 1901 in
529 1849 655 1925 magna
675 1831 776 1924 culpe
797 1849 863 1902 non
885 1828 1001 1902 omnis
1018 1851 1081 1904 nec
1099 1829 1143 1904 ad
1165 1830 1239 1904 ton:

173 1978 256 2054 gum
272 1963 409 2052 tempus
420 1955 558 2052 perierit
577 1954 703 2053 pudor,
719 1964 750 2028 et
761 1955 911 2029 Terentii
924 1954 1100 2054 ingenium
1118 1979 1241 2054 pravos

175 2103 288 2156 mores
307 2081 422 2178 aliqua
434 2080 614 2178 superstite
629 2090 690 2154 aut
704 2081 895 2154 renascenti
916 2081 1123 2172 verecundie
1135 2083 1241 2170 corri-

174 2215 243 2306 gat.
276 2207 393 2280 Prima
418 2214 530 2296 nocte,
559 2229 665 2281 uxore
690 2206 833 2281 omnino
854 2205 1041 2281 abstinuit:
1064 2229 1145 2282 eum
1160 2207 1241 2282 audi

175 2356 237 2408 cur
253 2333 301 2408 ita
316 2355 351 2409 se
370 2335 588 2410 continenter
602 2333 743 2432 gesserit
755 2334 909 2413 rationes
923 2333 1065 2408 duritem
1085 2359 1092 2407 :

368 2552 453 2617 Quam
465 2550 599 2608 decrerim
614 2568 657 2607 me
671 2567 725 2606 nnn
739 2567 819 2624 posse
835 2549 938 2606 diutius

318 2641 436 2710 Habere,
450 2659 510 2698 eam
525 2641 643 2697 ludibrio
659 2641 765 2709 haberi,
781 2641 924 2709 Parmeno,

318 2730 388 2796 Quin
400 2731 535 2805 integram
546 2729 639 2788 itidem
656 2729 778 2799 reddam,
794 2737 825 2786 ut
840 2729 933 2804 accepi
947 2731 981 2786 ah
994 2730 1061 2798 suis,

319 2821 410 2896 Neque
425 2821 570 2878 honestum
586 2819 652 2876 mihi
668 2836 757 2893 neque
771 2819 839 2876 utile
854 2818 907 2892 ipsi
924 2819 1074 2894 virginist(
1094 2821 1113 2892 ).

225 3009 348 3083 Cetera
361 3016 489 3082 rectam
508 3015 669 3081 naturam
684 3005 836 3102 apertius
850 3003 1038 3078 declarant.
1055 3005 1130 3078 Mox
1147 3001 1241 3078 enim

176 3132 348 3208 Bacchide
363 3140 495 3206 mutata
509 3140 640 3230 etperga
655 3137 846 3229 amatorem
858 3129 932 3228 jam
949 3151 1017 3202 non
1034 3129 1189 3204 calibem
1206 3151 1242 3200 se

178 3259 359 3356 procacius
379 3265 533 3358 gerente,
561 3279 668 3332 uxore
692 3265 812 3331 contra
835 3254 1056 3345 Philumena,
1084 3252 1242 3352 quamvis

179 3386 350 3484 neglecta,
380 3408 415 3459 se
440 3383 615 3480 pudicam,
642 3382 854 3471 modestam,
879 3389 913 3454 et
939 3379 1072 3455 liberati
1101 3378 1241 3476 ingenio

178 3510 360 3625 ppaeditom
379 3509 567 3606 praebente,
596 3507 766 3604 Pamphili
789 3507 927 3581 animus
954 3529 974 3579 e
997 3503 1179 3580 meretrice
1200 3503 1242 3578 ad

179 3659 322 3711 uxorem
349 3634 566 3733 commigrat.
585 3642 618 3707 et
645 3631 763 3708 verum
789 3630 965 3717 attactum,
990 3653 1056 3704 uon
1083 3629 1243 3703 lascivam

174 3761 371 3852 libidinem,
386 3761 457 3860 jam
478 3737 581 3857 ‘sequi
608 3781 643 3833 se
664 3766 822 3846 testatur,
848 3755 1001 3832 officium
1027 3777 1107 3830 curn
1128 3776 1246 3828 amore

179 3887 405 3986 conjunctum
428 3885 650 3959 libentissime
681 3885 818 3976 cntcns3
842 3879 886 3957 ad
900 3879 1108 3956 Bacchidem
1128 3879 1248 3953 hacte-

181 4037 246 4086 uus
269 4036 304 4086 se
331 4010 495 4087 erravisse
513 4010 628 4101 sentit,
646 4017 680 4085 ct
698 4009 853 4083 animum
876 4009 926 4082 sui
953 4006 1100 4081 similem
1125 4013 1245 4077 unctus

213 4239 247 4304 (l)
263 4239 368 4304 Hecyra,
387 4241 405 4301 1,
419 4239 443 4288 Ε).
