3330 5258
624 476 783 538 ..31-

167 607 424 707 pnlehritadine
464 609 618 708 eapitur,
660 619 914 696 commoretur,
955 611 1008 684 vix
1051 611 1131 685 suas
1166 621 1228 686 ost.

166 735 369 824 Bacchides,
391 742 430 810 ut
452 735 677 810 Pistoclerum
695 735 899 823 delenirem,
922 735 1112 826 munditiis,
1138 736 1230 824 rino,

169 870 283 952 noete,
307 883 388 936 sues
410 860 587 936 illecebras
610 860 923 948 oommerrdabant;
947 860 1093 935 Chaerea
1124 863 1233 935 Pam-

169 985 299 1082 philan'a
317 987 410 1061 nullo
430 985 523 1075 ineo,
550 985 642 1060 nulla
662 995 735 1062 arto
761 995 932 1076 ornatam,
959 985 1067 1060 aetatis
1095 995 1231 1060 taaleni

167 1111 254 1187 flore
277 1119 313 1188 et
341 1111 464 1188 robore
496 1110 675 1198 nitentem,
699 1111 744 1186 ob
770 1110 880 1209 ipsam
907 1118 1012 1196 amat,
1040 1121 1074 1186 et
1103 1110 1233 1209 impetn
1260 1103 1262 1110 ’

167 1246 301 1312 natarae
313 1237 426 1335 potius
440 1237 573 1336 rapitur
592 1259 696 1334 qaam
713 1235 876 1311 vitiorum
895 1235 1132 1325 irritamentis,
1149 1235 1233 1310 dnm

168 1371 302 1460 peceat,
323 1362 480 1438 allicitur.
502 1361 635 1438 indoles
653 1370 785 1460 aperta,
810 1361 1008 1451 vehemens,
1028 1360 1179 1451 incense,
1198 1362 1232 1435 in
1274 1425 1277 1430 .

167 1487 303 1586 egendo
325 1488 520 1578 temeraria,
541 1486 585 1563 ad
613 1496 745 1563 naturae
764 1485 1026 1572 similitudinem
1048 1485 1232 1586 descripta,

167 1613 273 1688 etiem
287 1636 397 1711 quum
411 1627 508 1690 extre
523 1621 652 1689 rectam
674 1612 764 1686 viam
787 1635 823 1688 se
846 1611 1005 1709 proripit,
1030 1611 1095 1687 hoe
1113 1612 1232 1687 saltem

167 1739 281 1836 placet
308 1739 402 1838 qaod
423 1740 552 1815 nullam
585 1737 757 1814 feritatem
785 1761 856 1836 prae
885 1761 921 1814 se
956 1735 1035 1827 iert,
1064 1747 1110 1823 et,
1138 1737 1234 1812 saetis

167 1863 296 1956 audax,
319 1865 503 1940 uerborum
520 1863 732 1964 turpitudine
744 1862 906 1938 abstinet.
921 1865 1035 1952 Quem
1049 1862 1141 1937 viam
1154 1862 1235 1962 joco

167 2012 287 2065 servus
305 1991 427 2088 aperit,
451 2014 557 2089 qaum
572 1990 695 2066 herum
708 1988 868 2065 hortator
883 1998 921 2062 nt
937 1989 1090 2064 eunuchi
1106 1999 1234 2065 restem

168 2113 303 2210 induat,
338 2115 425 2192 serio
451 2116 515 2191 sibi
548 2115 731 2191 monstrari
763 2124 880 2212 putat,
917 2113 1086 2212 optimam
1115 2114 1232 2205 habet,

168 2240 354 2338 statimque
375 2249 500 2331 tentat;
531 2240 587 2315 abi
614 2240 763 2339 primam
786 2240 838 2313 sui
859 2239 928 2314 voti
949 2261 1091 2338 compos
1116 2239 1193 2329 init,
1216 2264 1234 2313 o

63 2396 66 2408 ·
169 2363 274 2440 domo
288 2365 440 2456 Thaidis,
456 2388 591 2457 amore,
615 2364 732 2440 laetitia
750 2373 785 2440 et
804 2364 931 2440 ddaeia
947 2364 1091 2464 juveniti
1115 2365 1234 2440 exsul-

171 2498 260 2580 tans,
296 2491 464 2588 erumpit,
497 2513 561 2567 nee
590 2497 701 2588 potest
734 2513 801 2564 non
835 2489 971 2564 lacinus
998 2491 1174 2590 egregiam
1204 2503 1235 2565 et

170 2615 316 2691 recentis
329 2615 445 2715 gaudii
460 2638 547 2691 onus
561 2616 594 2690 in
610 2615 780 2714 quaslibet
792 2637 894 2690 aures
905 2614 1102 2714 deponere;
1119 2625 1235 2689 narm-

170 2739 273 2814 tionis
285 2749 401 2816 eutem
416 2741 451 2814 in
468 2742 543 2817 loco
563 2724 714 2816 maxime
729 2739 861 2816 labrieo
878 2762 998 2838 param
1018 2747 1184 2826 moratur,
1201 2751 1235 2814 ot

169 2887 333 2962 quorsum
362 2889 416 2941 res
439 2867 583 2942 evaserit
610 2865 758 2941 breviter
786 2873 820 2940 et
838 2864 923 2940 salse
949 2864 1116 2955 indicans,
1136 2889 1232 2939 sunm

108 3085 110 3093 J
168 2990 341 3067 lieentiam
354 2991 435 3089 jooo
453 2991 555 3067 sirnal
570 2991 654 3092 tegit
668 3002 701 3067 et
720 2991 913 3090 signifieat:

168 3212 218 3266 tin.
232 3243 268 3254 -
279 3211 387 3272 Interea
397 3231 509 3272 somnus
523 3215 655 3289 virginem
671 3213 811 3289 opprimit.
827 3213 885 3287 Ego
898 3214 972 3270 liaris
987 3222 1078 3288 sparto

241 3300 284 3358 Sic
297 3319 347 3376 per
359 3303 498 3362 debeldum
512 3303 682 3360 clanculum:
698 3301 778 3360 simul
790 3303 846 3360 alia
857 3302 1051 3376 emcnmspecto

240 3392 313 3449 Satin
326 3393 464 3468 explorata
476 3393 539 3450 sint.
554 3393 637 3450 Video
650 3410 721 3450 essa.
738 3393 878 3450 Pessulum
891 3393 961 3449 ostio
974 3393 1054 3449 olado.

169 3515 235 3566 rtur.
300 3510 370 3577 tluid
384 3514 461 3568 turn?

349 3629 396 3687 Cu.
413 3661 448 3670 -
463 3629 533 3695 Quid
545 3649 557 3683 a
570 3628 636 3703 quid
648 3636 727 3685 tum»
741 3628 838 3685 satue‘?

683 3779 686 3790 ,
704 3743 769 3799 dur.
785 3774 819 3783 -
836 3741 940 3798 l'ateor.

834 3860 881 3917 Gn.
899 3883 933 3900 ·-
948 3860 987 3914 rtn
1002 3875 1052 3931 ego
1068 3859 1235 3916 occasionem

241 3950 276 4010 dli
288 3957 433 4020 astantem,
447 3957 560 4019 tantam,
574 3958 630 4009 tarn
643 3950 766 4018 brevem,
779 3958 834 4006 tam
852 3957 982 4022 optatam,
997 3955 1051 4003 tarn
1068 3947 1236 4022 insperatam

241 4039 420 4096 rimittorern‘l
437 4038 503 4096 'l'arn
518 4039 564 4113 pol
580 4056 631 4112 ego
646 4039 669 4096 is
684 4057 772 4097 essem
785 4056 859 4106 vero,
874 4038 920 4111 qui
934 4035 1084 4093 sinralabar
1100 4039 1144 4107 (t).

202 4267 237 4330 tt)
254 4267 397 4326 rictiacum,
416 4268 458 4326 ill,
473 4266 496 4315 5.
512 4266 541 4316 Ρ.
563 4265 658 4316 'l'erenti
671 4263 809 4324 Goraroedirr,
823 4264 970 4320 Ftrekaisom
986 4263 1081 4326 Lipsiae,
1098 4261 1164 4312 tart.
