3330 5258
600 491 759 554 „77-

149 625 239 722 quud
253 625 339 700 desit
355 648 458 722 quam
475 625 567 723 quod
588 626 758 702 redundet
789 627 956 702 invenias.
985 629 1095 702 Tanta
1120 631 1214 705 enim

150 751 275 849 ingenii
291 752 520 848 temperantia
543 760 577 826 et
604 753 701 850 quasi
718 751 914 850 frugalitate
931 754 1074 844 eminet,
1088 763 1126 829 nt
1139 757 1216 830 Me-

151 876 324 978 nandrum
351 885 538 951 extenuare
558 872 657 950 'malit
688 900 794 974 quam
816 881 982 974 majorem
1009 880 1044 952 in
1073 882 1215 954 niodum

150 1000 375 1098 amplificare,
406 1009 511 1100 atque
539 1003 643 1076 etiam
678 1002 712 1075 in
748 1002 986 1099 desperatione
1019 1013 1215 1081 amatorum

150 1124 373 1200 describenda
408 1125 642 1200 «dimidiatus
678 1127 908 1202 Menander»
943 1151 1016 1202 esse
1044 1129 1212 1204 videatur.

150 1252 261 1339 Quem
281 1252 373 1326 enim
389 1251 641 1326 adolescentem
657 1251 848 1327 Menander
861 1253 896 1326 in
918 1255 1083 1352 Adelphis
1097 1265 1216 1332 osten-

149 1377 211 1468 dit,
241 1384 366 1475 negata
398 1399 418 1450 a
445 1377 568 1452 lenone
594 1377 719 1468 amica,
749 1378 836 1452 mori
862 1379 1048 1470 volentem,
1083 1389 1217 1455 tantum

150 1501 270 1602 fugere
285 1511 445 1599 paratum
465 1502 597 1576 inducit
614 1502 807 1593 Terentius,
834 1512 1001 1602 tanquam
1029 1515 1149 1580 caveat
1174 1531 1217 1582 ne

5 1669 6 1672 =
94 1709 96 1714 ¹
150 1627 231 1724 quid
253 1625 448 1725 nimisagat
465 1627 517 1700 vel
537 1627 581 1698 ab
599 1627 696 1700 omni
717 1650 777 1723 spe
799 1627 979 1702 derelictus
1001 1638 1135 1704 amator
1150 1631 1214 1728 (l).

150 1751 240 1839 Quid
264 1753 349 1825 ratio
374 1751 538 1849 temporis
557 1752 717 1848 postulet,
732 1752 812 1849 quid
836 1753 924 1827 ferat
945 1753 1217 1830 adolescentium

151 1898 231 1950 cum
245 1877 349 1951 servis
359 1877 627 1973 colloquentium
642 1876 801 1972 dignitas,
817 1901 991 1975 nunquam
1008 1879 1217 1956 obliviscen-

150 2010 220 2076 tem
240 2000 536 2100 deprehenderis:
561 2000 836 2098 intempestivam
857 2004 892 2075 in
916 2005 1219 2118 Heautontimoru-

151 2149 248 2198 meno
263 2126 340 2225 Spri
355 2126 563 2200 hilaritatem
582 2125 681 2200 dulor
695 2127 944 2224 Ctesiphonisa
962 2139 1058 2226 patre
1076 2131 1218 2207 exhere-

151 2247 220 2325 dati
246 2260 280 2326 et
298 2251 427 2349 expulsi
447 2273 516 2325 non
537 2251 788 2344 ultra-verbum
806 2275 912 2327 unrrm
934 2254 1090 2330 lascivire
1107 2256 1213 2329 sinit:

152 2520 222 2578 Geir.
240 2551 273 2560 -
288 2519 380 2576 Adeon
391 2535 450 2575 rem
463 2519 589 2590 rediisse,
603 2528 634 2576 ut
646 2521 779 2595 periclum
793 2523 876 2580 etiam
890 2525 984 2581 afame
995 2525 1061 2581 mihi
1074 2525 1118 2595 sit,
1134 2526 1215 2600 Syre!

153 2672 215 2729 Suu.
232 2672 360 2728 —Modo
376 2672 458 2729 liceat
471 2672 573 2740 vivere,
591 2682 632 2730 est
647 2691 719 2748 spes.

580 2824 649 2882 Gmr.
666 2857 702 2866 -
716 2826 803 2890 Quae‘?

665 2969 729 3024 Srn.
746 3001 781 3010 -
796 2970 848 3026 Nos
863 2972 1015 3029 esurituros
1032 2974 1108 3031 satis.

153 3057 224 3115 Cnrr.
239 3088 276 3100 —
291 3056 394 3114 lrrides
407 3057 435 3112 in
449 3073 480 3113 re
494 3064 569 3114 tanta
584 3057 658 3131 (il...

201 3322 297 3396 Licet
325 3321 503 3418 plebecula
525 3321 566 3396 ad
587 3344 629 3397 ea
649 3320 786 3420 frigeat,
807 3331 843 3397 et
872 3323 939 3397 alia
969 3349 1077 3422 quum
1109 3328 1222 3426 magis

154 3445 279 3538 faceta,
296 3454 371 3541 tum
395 3447 510 3520 miuus
529 3446 655 3520 decora
674 3447 856 3538 desideret,
881 3470 947 3522 uon
966 3449 993 3522 is
1009 3459 1060 3524 est
1082 3453 1220 3526 Tereu-

154 3573 221 3645 tius
238 3572 297 3669 qui
314 3572 432 3668 peritis
446 3570 547 3644 simul
564 3578 599 3645 et
620 3571 787 3667 imperitis
806 3574 942 3669 placere
956 3576 1106 3665 studeat;
1134 3600 1220 3651 con-

154 3705 325 3795 temptum
339 3696 431 3796 vulgi
449 3696 491 3770 ad
511 3697 641 3796 pugiles
661 3705 696 3770 ct
715 3691 938 3774 funambulos
961 3700 1139 3800 migrantis
1157 3703 1222 3776 sibi

155 3823 357 3900 adeundum
373 3821 605 3919 potiusquam
624 3845 645 3898 a
662 3831 755 3898 recta
771 3823 826 3897 ria
838 3822 1085 3901 discedendum
1104 3835 1215 3926 putat,

186 4117 220 4183 (l)
237 4116 287 4167 Ad.
306 4116 337 4178 ll,
353 4114 378 4165 l.
396 4133 407 4161 u
422 4115 555 4165 Menander
569 4116 632 4166 morl
652 4116 722 4168 illum
735 4117 841 4169 voluisse
855 4117 937 4184 lingit,
952 4122 1079 4172 Terentius
1098 4122 1218 4187 fugere.»

159 4197 298 4262 (Donatus.)

186 4277 220 4344 (ἓ)
236 4277 336 4339 deaut,
352 4279 378 4338 V,
393 4276 416 4327 2.
