3330 5258
915 411 1076 474 -lt-

459 574 517 628 aas
531 557 667 626 tantum
690 547 869 647 superbas,
902 554 1120 644 sumptuosas
1140 545 1307 645 depingit,
1327 547 1386 622 scd
1402 555 1437 622 ct
1455 569 1528 622 mo-

459 699 566 767 rosas,
587 675 773 775 jurgiosas,
791 671 1040 757 oblatratrices‚
1065 694 1166 746 sexus
1181 680 1215 747 et
1234 672 1344 746 atatis
1367 673 1527 748 omnibus

459 801 633 901 leporibus
656 799 847 875 destitutas.
877 797 985 896 Major
1015 797 1120 872 etiam
1150 798 1352 872 maritorum
1381 797 1523 873 irrisio:

460 928 588 1026 quippe
606 925 666 1025 qui
683 947 763 998 suas
779 921 901 999 uxores
915 923 1031 1020 palam
1051 921 1290 1012 reformident,
1311 923 1401 998 clam
1429 924 1526 998 lace-

460 1060 537 1130 rent
554 1061 590 1128 et
607 1050 739 1141 fallant,
763 1049 981 1147 praeposteris
993 1034 1186 1137 amoribus,
1207 1069 1295 1124 uano
1311 1049 1441 1145 capite,
1465 1049 1527 1123 ob-

459 1183 661 1274 sequantur,
671 1173 748 1248 filiis
759 1173 888 1248 amicas
901 1172 1060 1248 furentur
1073 1172 1124 1246 vel
1139 1194 1182 1246 ea
1191 1172 1388 1248 conditione
1404 1172 1529 1247 cedant

461 1310 499 1376 ut
518 1301 567 1376 eis
594 1300 741 1374 vicissim
766 1297 939 1388 fruantur,
963 1297 1074 1372 donec
1101 1297 1145 1370 ab
1165 1297 1329 1370 uxoribus
1350 1297 1384 1369 in
1415 1297 1528 1373 media

462 1427 564 1524 culpa
589 1424 809 1522 deprehensi,
832 1423 935 1514 illusi,
965 1423 1181 1497 contumeliis
1207 1423 1354 1511 onerati,
1383 1422 1528 1498 domum

462 1551 559 1627 inviti
578 1573 619 1625 ac
638 1558 829 1626 mussantes
840 1549 1065 1625 reducantur.

511 1679 579 1767 oui
618 1683 777 1776 parentes
815 1675 863 1750 ita
898 1676 1087 1765 vexaverit,
1119 1675 1322 1772 scriptorem
1365 1675 1529 1751 eumdem

463 1802 562 1879 facile
578 1802 737 1901 intelligis
759 1801 849 1875 natis
868 1799 959 1875 haud
983 1801 1094 1898 magis
1120 1801 1328 1898 pepercisse;
1350 1823 1409 1876 eos
1435 1801 1527 1875 anim

464 1915 612 2003 attilius
632 1925 755 2024 impios
768 1924 913 1999 ostendit
928 1931 1073 1998 mortem
1096 1925 1201 2021 patris
1216 1925 1318 1998 nimis
1335 1933 1528 1999 morantem

465 2053 697 2149 increpantes,
725 2059 761 2126 et
787 2056 958 2126 amatores
981 2050 1050 2123 sive
1079 2049 1254 2138 ridiculos,
1285 2049 1355 2124 sive
1381 2051 1531 2147 turpiter

464 2177 675 2253 libidinosos.
703 2177 797 2265 Quos
825 2176 972 2272 lepores,
1007 2197 1113 2272 quam
1138 2183 1351 2250 venustatem
1379 2175 1530 2250 habeant

465 2301 733 2378 adolescentium
763 2322 899 2374 amores
931 2299 1125 2376 describere
1157 2301 1269 2374 minus
1292 2309 1404 2391 curat,
1422 2323 1528 2397 quam

465 2427 659 2515 stultitiam,
684 2425 872 2524 ignaviam,
907 2434 942 2500 ct
977 2425 1089 2500 omnis
1120 2425 1256 2524 generis
1296 2425 1448 2500 miserias
1481 2425 1530 2501 eis

465 2552 583 2626 insitas
597 2549 806 2650 patefacere,
826 2550 1023 2648 asperisque
1035 2551 1122 2649 jocis
1135 2550 1308 2626 inscctari.
1327 2553 1394 2625 Eos
1406 2552 1526 2641 etiam,

466 2699 552 2775 quos
569 2676 780 2752 verecundos
800 2684 834 2750 et
854 2698 974 2752 suaves
998 2676 1206 2751 adumbrare
1231 2677 1418 2774 inceperat,
1447 2699 1529 2751 mox

465 2801 606 2876 acrioris
620 2801 748 2899 ingenii
767 2801 896 2898 impetu
913 2808 1044 2898 raptus,
1064 2801 1280 2898 turpitudine
1298 2802 1530 2898 inexspectata

466 2927 629 3017 maculat,
665 2935 698 3001 et
728 2924 863 3001 fastidio
895 2926 1015 3025 dignos
1040 2926 1155 3001 efficit.
1190 2926 1278 3013 Quid
1305 2932 1409 3002 vero?
1439 2925 1530 3002 dicet

465 3051 605 3148 aliquis,
625 3050 785 3127 eumdem
802 3059 954 3149 poetam,
971 3074 1074 3149 quem
1101 3074 1213 3150 nuper
1227 3051 1392 3126 lascivum
1409 3059 1443 3126 et
1461 3051 1529 3125 ob-

463 3198 605 3252 scenum
623 3176 836 3273 increpuisti,
852 3198 945 3251 nunc
964 3191 1140 3251 censorem
1157 3177 1199 3250 ad
1222 3177 1290 3252 hoo
1312 3177 1529 3273 aptissimum

465 3323 538 3376 csse
558 3301 734 3377 contendis
751 3310 788 3376 ut
805 3301 1039 3376 adolescentes
1055 3302 1098 3376 ab
1119 3303 1214 3375 omni
1230 3302 1404 3400 voluptate
1428 3325 1529 3376 amo-

464 3432 560 3501 veat?
587 3426 660 3501 Non
688 3426 732 3500 ab
760 3427 855 3500 omni
882 3425 1037 3523 quidem,
1062 3424 1161 3501 faoile
1190 3425 1312 3516 fateor,
1343 3426 1403 3502 sed
1422 3429 1467 3501 ab
1486 3451 1530 3502 aa

464 3550 584 3626 insana
606 3560 641 3626 ct
670 3551 836 3627 effrenata
867 3575 946 3650 quaa
977 3551 1127 3628 dedecus
1158 3560 1193 3626 et
1223 3552 1372 3649 inopiam
1408 3575 1527 3627 seeum

462 3673 595 3750 afferat.
615 3678 682 3751 Per
694 3699 776 3756 eum
798 3677 878 3753 licet
898 3685 1030 3772 potare,
1054 3677 1288 3765 omanadum
1309 3677 1445 3752 «modo
1467 3676 1526 3774 liat

460 3800 552 3876 bono
569 3831 583 3868 a
605 3800 668 3898 (l).
685 3801 753 3891 Qui
768 3802 810 3876 sit
822 3802 879 3877 hio
893 3803 1003 3876 bonus
1016 3801 1150 3882 modus.
1167 3803 1340 3899 quomodo
1355 3813 1522 3892 servetur,

462 3930 584 4024 rogas?
611 3949 735 4025 nempe
763 3927 790 4001 si
820 3937 989 4002 amatores
1018 3928 1184 4002 matronis
1211 3928 1421 4019 abstineant,
1446 3953 1525 4005 curn

494 4201 527 4266 (l)
544 4201 675 4264 Mercator,
691 4205 720 4262 l,
735 4201 757 4252 l.
820 4237 822 4242 ,
