3330 5258
899 475 1059 536 48-

990 609 1081 666 AEsctt.
1097 639 1132 649 —
1145 608 1186 663 dn
1200 607 1296 664 sedere
1309 608 1429 682 oportuit

515 695 592 752 Domi
606 696 739 770 virginem
754 703 808 754 tem
823 698 965 771 grandem,
982 698 1046 753 dum
1059 706 1192 772 cognatus
1207 697 1268 754 ltine

515 784 593 842 illinc
608 787 713 843 veniret
728 789 938 861 expectantem?
953 787 1021 857 haec,
1038 787 1075 842 mi
1090 796 1178 861 pater,

514 875 552 932 Te
568 876 658 933 dicere
673 893 780 950 aequom
794 876 846 934 luit
860 884 888 932 et
901 877 929 933 id
944 877 1100 936 defendere.

443 1075 587 1150 Micione
600 1098 729 1149 vanum
743 1089 988 1176 argumentum
1004 1077 1181 1170 irridente,
1207 1086 1241 1152 et
1261 1076 1359 1175 quasi
1373 1075 1508 1151 recedat

443 1193 680 1287 assimulante,
697 1192 867 1294 frangitur
884 1195 1069 1270 AEschinus
1088 1203 1122 1270 el
1142 1217 1213 1270 rem
1229 1217 1388 1269 sermone
1407 1194 1507 1268 auxio

443 1326 478 1392 et
491 1318 661 1394 concitato
681 1319 756 1418 jam
784 1321 956 1418 proditam
976 1344 1070 1396 nunc
1093 1321 1205 1396 tacitis
1224 1320 1374 1395 lacrimis
1392 1320 1506 1393 mani-

443 1441 766 1520 testiusconfiretur.
781 1449 893 1522 'l'anto
906 1447 1023 1522 dolore
1033 1447 1141 1522 victus
1152 1447 1253 1521 Micio
1267 1445 1418 1521 breviter
1429 1468 1505 1520 eum

443 1567 678 1664 reprehendit,
696 1593 761 1645 nec
779 1572 868 1646 ultra
888 1571 1030 1647 modum
1054 1595 1191 1647 severus
1211 1570 1362 1668 puellam
1382 1569 1506 1667 despe-

443 1701 551 1768 ratam
572 1695 604 1770 ei
631 1696 850 1772 matrimonio
875 1697 1037 1796 junctum
1063 1697 1105 1772 iri
1125 1697 1309 1796 promittit3
1335 1717 1405 1793 quo
1424 1718 1506 1792 pro-

443 1818 547 1896 misso
576 1821 735 1896 turbatus
757 1824 860 1898 simul
886 1847 927 1899 ao
956 1823 1145 1900 delectatus
1171 1823 1368 1898 adolescens
1400 1821 1503 1896 ardo-

441 1967 515 2019 rem
528 1947 668 2040 amoris,
681 1957 840 2047 utnuper
854 1949 1075 2025 acerbissimo
1088 1972 1251 2040 moerore,
1267 1972 1361 2023 nunc
1372 1948 1505 2022 sincere

441 2071 557 2146 laetitia
577 2073 745 2165 declarat3
768 2077 865 2151 timet
879 2076 1029 2152 enimne
1052 2076 1094 2149 sit
1114 2077 1272 2150 incautus
1294 2074 1338 2150 ad
1361 2073 1505 2149 creden-

440 2197 538 2288 dum,
556 2222 622 2275 ueu
639 2225 757 2276 rursus
768 2225 788 2276 a
801 2211 925 2302 patruo
940 2202 1137 2290 deludatur,
1152 2225 1304 2300 eumque
1319 2201 1503 2276 identidem

440 2323 641 2426 interrogat,
663 2351 733 2426 quo
748 2328 873 2404 certior
888 2329 932 2404 de
951 2352 1013 2403 sua
1026 2338 1120 2404 tanta
1133 2327 1294 2404 felicitate
1308 2327 1476 2402 efficiatur
1491 2349 1499 2397 :

1156 2563 1247 2621 AEsuu.
1261 2595 1297 2603 —
1309 2561 1397 2630 Pater,

510 2686 642 2755 Obsecro,
656 2701 721 2744 num
734 2687 805 2744 ludis
817 2696 931 2748 tununc
943 2691 1008 2746 me?

897 2815 959 2872 idm.
972 2848 1007 2857 -
1019 2815 1077 2888 Ego
1090 2822 1117 2872 te
1128 2816 1142 2870 ‘l
1155 2815 1352 2891 quamobrem?

1174 2924 1270 2980 AEsctt.
1285 2955 1321 2964 -
1335 2921 1450 2978 Nescio:

511 3009 579 3076 Quia
593 3019 649 3068 tom
664 3011 764 3068 misere
779 3011 830 3069 hoc
845 3030 906 3069 esse
921 3013 1001 3088 cupio
1016 3030 1122 3082 rerum,
1138 3030 1170 3069 eo
1186 3029 1284 3070 vereor
1296 3011 1397 3084 magis.

438 3136 499 3192 Mic.
513 3169 549 3177 —
562 3137 610 3192 Abi
624 3135 734 3194 domum
749 3155 780 3194 ac
795 3139 860 3195 deos
875 3155 1059 3213 comprecare,
1073 3148 1103 3196 ut
1115 3155 1226 3195 uxorem
1239 3154 1379 3194 arcessas:
1395 3136 1450 3193 abi.

439 3261 534 3318 AEscrt.
549 3294 583 3303 -
596 3262 687 3327 Quid?
701 3263 760 3319 Jam
773 3266 906 3320 uxorem?

793 3389 1037 3462 m-mm

864 3514 958 3571 AEscu.
976 3548 1011 3557 -
1023 3515 1104 3572 lam‘?

970 3639 1032 3696 litu.
1048 3673 1084 3681 -
1097 3641 1157 3697 lam
1169 3648 1298 3715 quantum
1309 3646 1429 3714 potest...

438 3828 527 3902 Nihil
559 3851 627 3904 non
652 3831 819 3927 optimum
847 3835 949 3910 sentit
980 3837 1165 3912 AEschinus
1189 3839 1241 3912 sui
1267 3839 1335 3913 roti
1360 3839 1499 3914 tandem

439 3953 550 4030 factus
565 3978 719 4053 compos,
737 3965 772 4032 et
794 3958 916 4034 eodem
928 3983 1048 4038 amore
1068 3964 1248 4040 Micionem
1271 3986 1377 4062 quam
1394 3966 1501 4040 Pam·

470 4187 504 4253 (l)
521 4187 671 4252 scripturam
685 4190 861 4254 Bentloianam‚
878 4193 966 4246 Donati
981 4196 1120 4247 testimonio
1133 4197 1243 4260 innixus,
1260 4198 1299 4248 trio
1313 4199 1410 4261 praetuli
1422 4215 1427 4247 :
1436 4199 1499 4263 iam,

437 4283 487 4319 non
498 4282 567 4321 com.
