3330 5258
622 481 659 488 ,ᾳ
681 445 713 503 pp

167 580 434 676 exprobrantem
453 576 547 674 quod
567 575 723 652 licentius
741 599 823 652 cum
843 577 1027 667 Bacchide,
1052 577 1136 652 l'also
1154 601 1236 652 ore-

168 704 239 778 dita
257 703 376 779 Cliniae
396 701 523 791 amica,
539 702 660 800 egerit,
679 703 726 776 ita
746 703 934 802 interrogat
963 728 970 774 :
1004 734 1019 770 «
1033 705 1106 778 Non
1131 725 1237 779 acce·
1265 781 1274 796 ,

169 829 250 904 dam
270 828 314 903 ad
332 828 464 904 illos‘la
494 828 554 902 Cui
585 827 764 904 salsissime
793 839 890 926 pater
917 853 925 900 :
964 860 979 894 α
994 828 1082 915 Eho,
1104 853 1237 926 quaeso,

171 977 240 1030 urm
254 953 447 1030 accedendi
462 953 569 1028 uiast‘l
580 986 594 1020 a

219 1081 472 1180 Argumentum
486 1079 650 1154 Eunuchi
658 1079 1133 1178 uerecundiaellnesprolecto
1145 1089 1239 1155 tran-

170 1207 226 1294 sit,
249 1214 283 1282 et
306 1205 383 1282 ideo
409 1203 657 1303 spectatoribus
683 1205 834 1280 manime
862 1205 988 1302 placuit
1009 1205 1055 1300 (l)
1068 1233 1078 1295 ;
1104 1207 1241 1281 Taren-

173 1332 241 1406 tius
265 1339 395 1420 tamen,
426 1330 584 1429 quamvis
606 1329 847 1430 suffragiorum
874 1331 1125 1428 captandorum
1150 1331 1240 1406 uiam

173 1457 396 1534 certissimam
422 1457 621 1546 inuenisset,
643 1456 774 1532 nullam
797 1457 902 1531 aliam
932 1457 1088 1556 ejusdem
1109 1457 1245 1556 generis

174 1583 326 1659 fabulam
339 1582 460 1672 edidit,
476 1590 579 1681 atque
590 1581 693 1658 etiam
709 1581 743 1655 in
760 1580 881 1672 hac,ut
898 1591 1000 1658 antea
1014 1582 1240 1674 ostendimus,

173 1733 217 1785 ex
244 1707 450 1807 ancipitibus
477 1707 562 1783 locis
582 1707 668 1782 adeo
687 1707 771 1782 scite
790 1729 864 1782 sese
887 1707 1074 1805 expedivit,
1106 1716 1143 1782 ut
1175 1732 1242 1783 non

175 1834 291 1909 mirari
307 1857 376 1909 non
392 1833 560 1931 possimus
578 1856 684 1930 quam
703 1831 848 1908 feliciter
867 1833 1024 1931 scopulos
1038 1834 1160 1908 raserit
1183 1857 1247 1910 nec

173 1960 290 2034 allisus
318 1959 434 2036 fuerit.
452 1960 612 2034 Plautum
642 1959 733 2059 linge
767 1959 977 2033 Eutiaocbom
1006 1984 1027 2033 a
1056 1959 1245 2034 Menandro

174 2086 451 2177 transferentem,
472 2084 597 2184 atejus
611 2084 801 2182 petulantia
818 2107 880 2182 per
901 2107 1063 2182 cenapum
1084 2092 1245 2180 apertum

173 2212 342 2310 erupisset
353 2220 456 2308 atque
474 2217 618 2310 evagata
632 2209 765 2285 luissett
794 2210 834 2282 ln
856 2210 1017 2285 Terentio
1040 2218 1157 2286 autem
1184 2232 1248 2284 nec

175 2337 330 2426 Chaerea,
351 2359 416 2412 neo
429 2337 502 2434 ipsc
518 2335 671 2410 Chaerea
686 2359 803 2410 servus
815 2334 858 2410 ad
878 2335 1031 2432 impuros
1041 2335 1137 2434 jocos
1154 2335 1250 2410 dela-

175 2462 323 2551 buntur,
345 2475 379 2536 ct
397 2461 564 2560 pudicum
582 2470 692 2558 poetae
717 2460 894 2560 argenium
919 2461 1120 2560 spurcitiam
1146 2484 1251 2559 arga·

175 2596 292 2664 mento
308 2587 445 2662 insitum
462 2586 560 2685 quasi
580 2587 685 2662 uincit
700 2587 902 2684 salvumque
917 2587 1059 2661 exsistit.

222 2715 292 2789 Nec
306 2722 443 2788 tantum
465 2735 625 2788 sermone
642 2710 701 2788 sed
724 2711 838 2786 indole
852 2719 887 2788 et
902 2712 1056 2787 rnoribns
1075 2713 1251 2788 Terentia-

176 2861 238 2913 nas
261 2861 425 2938 personas
453 2839 485 2912 iu
514 2838 712 2913 uniuersum
745 2838 945 2935 complexus
978 2838 1142 2912 Plautinis
1170 2862 1244 2914 me-

175 2963 276 3039 liores
311 2986 383 3038 esse
414 2962 637 3039 existimabis.
656 2963 701 3037 Ut
720 2963 830 3036 Plauti
851 2962 1025 3061 ingenium
1055 2962 1088 3035 in
1121 2963 1250 3037 vitiosis

75 3121 78 3128 ·
174 3087 373 3164 haminibus
414 3088 640 3189 depingendis
683 3087 832 3162 inaximo
880 3096 1033 3164 versatur
1073 3097 1107 3163 et
1152 3073 1249 3185 qumi

175 3213 378 3304 delectatur,
409 3213 455 3288 ita
482 3212 631 3290 Terentii
661 3211 703 3286 ad
730 3212 909 3287 meliorem
934 3211 1099 3286 humanae
1122 3221 1254 3287 naturae

177 3347 310 3435 partem
338 3337 569 3437 effingendam
597 3346 648 3414 est
675 3337 935 3434 pronissimum.
962 3336 1130 3426 Quaedam
1153 3336 1255 3410 insita

174 3463 325 3540 Terentii
353 3464 472 3539 animo
498 3462 696 3563 benignitas
730 3463 763 3536 in
797 3486 917 3537 enarres
952 3483 1116 3558 personas
1139 3461 1183 3536 ab
1213 3486 1254 3536 eu

175 3590 376 3676 delineatae
402 3597 439 3664 ut
459 3590 506 3664 ita
525 3589 654 3678 dicam,
683 3588 863 3664 redundat.
890 3592 1057 3662 lllatronae
1078 3609 1145 3662 nou
1172 3598 1252 3661 tan-

180 3724 252 3788 turn
273 3724 378 3790 castae
393 3723 473 3788 suut
489 3723 522 3788 et
547 3713 733 3790 liberorum
755 3712 1013 3801 arrrarrtissimae,
1031 3712 1089 3787 scu
1115 3713 1256 3786 meritos

212 3985 246 4049 tl)
270 4005 279 4030 a
295 3988 323 4035 ut
336 3989 391 4034 acta
403 3989 440 4034 cst
460 3990 527 4034 tanto
547 3998 663 4034 successu
684 3999 712 4033 ac
731 3985 818 4046 plausu
830 3987 905 4045 atque
916 3981 1042 4045 suffragio,
1056 3984 1082 4029 ut
1095 3995 1179 4030 rursus
1191 3986 1258 4031 esset

177 4067 286 4126 vendita,
310 4071 334 4115 et
349 4071 467 4130 ageretur
482 4065 573 4116 iterum
588 4079 632 4127 pro
652 4080 722 4126 uera,
743 4079 837 4128 proque
856 4079 885 4114 ca
901 4064 1017 4127 pretium,
1036 4064 1101 4123 quod
1119 4061 1180 4110 nulli
1197 4066 1254 4110 autc

176 4161 260 4210 ppsam
274 4148 384 4198 tabulam
398 4145 575 4210 contigit‚oeto
588 4147 699 4195 millibus
713 4147 853 4196 sestertium
867 4147 1024 4196 nunterarcnt
1035 4147 1122 4206 poetae.
1132 4160 1141 4187 u
1153 4141 1253 4204 (Dentati

175 4227 292 4290 prosatio
304 4227 331 4277 in
342 4228 512 4290 uilissimum.)

305 4329 399 4365 muris.
1107 4313 1121 4360 a
