3330 5258
929 439 1070 495 -8l-

468 587 562 639 mara
577 565 687 639 ausim
702 588 823 640 earum
840 565 1019 641 illecebras
1041 563 1314 646 adolescentibus
1329 563 1527 638 'serentium

467 689 657 788 legentibus
678 713 842 788 nragnum
863 689 1024 764 timorem
1050 688 1216 765 incutere.
1242 687 1352 785 Ipsius
1376 687 1526 785 denique

466 817 596 894 lenonis
610 817 751 902 malitia,
770 826 806 890 ut
825 817 1011 912 parasitum
1028 816 1135 890 multo
1154 814 1375 893 urbaniorem
1394 812 1522 888 factum

464 943 738 1040 praetermittam,
763 941 897 1016 uidetur
935 941 1128 1026 hebescere,
1164 949 1199 1016 et
1228 939 1339 1014 nimiis
1372 941 1524 1037 proiecto

460 1068 661 1142 criminibus
690 1067 818 1141 Sannio
853 1067 886 1138 in
917 1066 1079 1163 Adelphis
1107 1089 1142 1140 se
1169 1066 1306 1162 promit,
1341 1089 1451 1162 quum
1480 1065 1523 1138 ab

460 1193 607 1270 AEchino
626 1193 825 1304 verberatus
839 1200 873 1266 et
887 1191 1006 1266 irrisus
1019 1191 1212 1266 exclamat:

529 1410 600 1466 lieno
615 1427 684 1477 suni,
698 1409 831 1482 pernicies
844 1407 1004 1475 eornmmriS,
1021 1409 1116 1476 satoor,
1134 1407 1361 1475 adulescentium,

529 1500 668 1572 perjurus,
683 1498 777 1571 pestis.

456 1689 588 1777 Quibus
616 1690 708 1780 onim
738 1687 848 1762 uerbis
872 1687 1037 1760 Plautinae
1055 1708 1223 1782 personae,
1249 1709 1374 1782 ucrupe
1398 1685 1520 1759 Ballio-

456 1815 519 1898 nis,
537 1815 685 1910 speciem
706 1813 812 1886 mullo
829 1811 937 1909 rrragis
952 1810 1170 1906 relertuuam
1186 1833 1283 1883 suam
1297 1810 1361 1906 (l).

503 1939 600 2012 Haud
645 1938 758 2010 minus
799 1936 1030 2010 adolescentes
1061 1958 1165 2032 quarn
1206 1944 1328 2010 ceterae
1367 1961 1520 2033 personae

455 2061 755 2138 mansuetudinem
770 2060 899 2152 ingenii
923 2061 1118 2136 Terentiani
1147 2071 1344 2152 senserunt,
1374 2064 1520 2160 optimos

454 2190 547 2264 enirn
558 2190 610 2262 uel
627 2187 777 2260 minimis
788 2185 877 2259 tiliis
889 2193 1117 2281 corruptosex
1128 2186 1383 2282 exemplaribus
1397 2189 1519 2286 graecis

453 2315 578 2413 elegit,
598 2314 685 2387 lilios
710 2313 837 2386 scilicet
867 2319 1002 2407 patrum
1037 2333 1179 2386 suornm
1212 2313 1513 2403 reverentissimos

454 2431 552 2504 autsi
573 2451 678 2525 qrram
690 2428 803 2500 ricinus
813 2427 907 2523 piam
925 2449 1042 2501 vocem
1068 2426 1269 2516 emiserunt,
1298 2428 1412 2502 statim
1433 2453 1516 2504 cor-

453 2556 603 2652 rigentes
624 2561 658 2626 et
672 2560 897 2626 extenuantes
917 2552 976 2648 (2),
1004 2560 1174 2626 amatores
1199 2551 1331 2626 blandis
1363 2554 1517 2652 volupta-

452 2680 541 2752 tibus
566 2677 658 2752 haud
680 2676 891 2752 illiberaliter
919 2675 1146 2773 indulgentes
1178 2687 1237 2750 aut
1262 2677 1368 2751 leonas
1389 2680 1517 2775 puellas

448 2801 582 2892 larvido
600 2810 634 2876 et
649 2824 811 2876 mansuro
830 2824 948 2876 aurore
968 2800 1234 2876 circumdantes.
1257 2801 1396 2878 lividos
1414 2803 1516 2900 juve-

451 3077 529 3113 coeeos
556 3063 680 3126 impetus;
709 3061 827 3110 lubricam
847 3066 943 3110 aetatem
968 3075 1091 3110 servorum
1115 3061 1257 3110 ministeriis
1279 3069 1352 3124 atque
1375 3063 1515 3114 adulatione

440 3133 496 3207 'per
506 3143 576 3192 deria
586 3142 773 3205 praecipitatam,
786 3146 836 3190 urin
848 3143 898 3190 suis
909 3142 1058 3204 exagitatam
1069 3142 1192 3190 erroribus
1204 3147 1277 3203 atque
1287 3144 1413 3193 amoribus
1425 3143 1517 3194 crucia-

453 3229 511 3282 tam,
525 3237 570 3272 nee
581 3223 628 3270 uisi
648 3220 765 3270 miraculo
785 3222 932 3283 expeditam,
946 3221 987 3270 vix
999 3223 1097 3270 tandem
1117 3223 1339 3283 conquiescentem,
1361 3225 1404 3274 ubi
1417 3227 1447 3274 ad
1462 3227 1517 3275 ulti-

452 3303 519 3352 eium
530 3303 641 3351 redierit.
653 3319 663 3347 l
672 3302 717 3364 (lle
730 3301 886 3351 institutione
898 3300 1012 3351 Luttouiei
1028 3301 1141 3366 Delphini
1152 3301 1184 3352 od
1197 3303 1370 3353 [innocentium
1385 3304 1439 3368 XI.)

485 3383 518 3447 (l)
536 3384 588 3432 Non
609 3387 676 3432 tauta
694 3383 802 3443 prolecto
821 3381 976 3430 vehementia
998 3381 1082 3430 Cicero
1104 3383 1192 3430 Roscio
1211 3383 1383 3433 Terentianum
1404 3385 1515 3434 lenonem

453 3464 535 3526 agenti
555 3462 694 3524 mansisset,
716 3467 806 3523 quanta
824 3462 973 3520 Plautinum,
989 3475 1034 3512 nec
1049 3463 1080 3511 de
1093 3463 1216 3510 Sannione
1233 3465 1329 3523 cadem,
1342 3479 1397 3526 quae
1412 3466 1444 3514 de
1458 3465 1516 3514 Ral-

452 3544 527 3602 lione,
544 3544 661 3592 dixisset:
685 3561 695 3587 «
717 3557 821 3604 persona
845 3541 887 3590 illa
911 3543 1041 3601 lutulenta,
1067 3543 1179 3604 impura,
1205 3543 1283 3592 invisa
1306 3561 1315 3589 n
1338 3543 1402 3608 (Pro
1429 3545 1515 3597 Roscio

451 3637 524 3682 com„
541 3623 599 3687 Vll).
615 3625 683 3672 llunc
693 3624 782 3680 locum,
794 3623 818 3670 iu
834 3636 881 3683 quo
893 3623 1039 3671 Sannionem
1054 3623 1182 3672 AEsehinus
1195 3625 1311 3673 conviciis
1324 3628 1348 3672 et
1360 3625 1448 3674 ictibus
1458 3640 1515 3675 oue-

401 3767 404 3772 ·
452 3709 499 3763 rat,
515 3703 646 3766 ubiphilo‚
656 3707 683 3752 ut
693 3717 766 3765 supra
779 3701 895 3761 diximus,
911 3701 1038 3750 'lercntius
1049 3703 1191 3751 adverbum
1207 3703 1340 3752 transtulit.
1357 3704 1426 3753 Unde
1439 3705 1514 3754 Ballio

452 3789 562 3846 sumptus
583 3784 624 3842 sit,
639 3784 758 3832 ineortum
771 3787 816 3842 est,
832 3785 875 3832 sed
892 3797 947 3830 curn
964 3787 1031 3831 tanta
1046 3783 1182 3832 acerbitate
1200 3784 1298 3833 Plautus
1315 3785 1436 3849 depingit,
1454 3787 1513 3836 adeo

451 3863 544 3914 crebris
558 3862 714 3912 contumeliis
729 3861 820 3921 obruit,
838 3867 866 3910 ut
882 3861 964 3910 minus
979 3862 1059 3910 aliena
1075 3863 1178 3925 vestigia
1190 3877 1300 3925 premere
1321 3878 1393 3924 quam
1409 3879 1452 3914 suo
1470 3865 1513 3914 im·

450 3947 509 4006 potu
519 3942 580 4006 rapi,
594 3947 619 3991 et
629 3956 722 4006 graecos
736 3956 808 4003 quam
820 3955 933 3991 romanos
947 3955 1027 3990 mores
1040 3941 1157 3991 insectari
1168 3943 1290 3992 videatur.

482 4023 515 4088 lb)
532 4023 573 4073 Sic
587 4023 612 4070 in
627 4019 744 4086 Adelphis
757 4021 870 4085 Ctesipho
884 4037 928 4070 suo
941 4023 1003 4084 patri
1018 4023 1082 4071 male
1095 4029 1223 4086 precatur:

574 4138 643 4204 Quod
657 4153 714 4190 eura
727 4138 808 4188 salute
822 4139 875 4202 ejus
887 4139 941 4203 (lut,
956 4140 989 4188 ita
1004 4154 1030 4188 sc
1043 4141 1185 4204 defatigarit
1197 4141 1278 4201 velim,

573 4223 603 4272 at
616 4221 697 4269 triduo
711 4221 758 4269 boe
772 4224 889 4282 perpetuo
904 4234 1016 4282 prorsum
1030 4235 1043 4270 e
1057 4223 1121 4270 lecto
1135 4227 1240 4284 nequeat
1255 4236 1364 4287 surgere.
1384 4227 1431 4288 llll,
1449 4226 1481 4287 l.)
