3330 5258
619 497 776 568 -135-

165 632 237 705 veri
259 630 390 728 speeies
408 629 597 730 effingitur.
622 631 721 705 Haud
743 631 844 704 aliter
864 629 1032 704 Phaednae
1063 630 1231 705 inscitiam

165 765 283 831 monet
303 757 529 830 Parmenonis
548 756 636 831 servi
651 755 859 855 prudentia:

285 926 350 990 Quae
366 943 409 982 res
423 925 452 981 in
466 945 496 982 se
512 944 602 1000 neque
616 926 765 983 consilinm
778 944 867 1000 neque
881 926 992 982 modum

238 1015 323 1071 Hahet
338 1016 437 1084 ullum,
453 1033 513 1072 eam
528 1015 643 1072 consilio
658 1034 755 1090 regere
770 1034 825 1072 non
841 1024 927 1091 potes

236 1106 265 1162 In
280 1123 372 1161 amore
388 1106 446 1162 haec
462 1095 554 1163 omnia
568 1107 661 1162 insunt
674 1107 755 1163 vitia:
772 1107 890 1180 injuriae,

239 1194 418 1268 Suspitiones,
432 1196 593 1263 inimicitiae,
607 1196 731 1265 indutiae,

238 1283 353 1353 Bellum,
369 1303 421 1359 pax
436 1303 564 1341 rursum:
579 1286 683 1342 incerta
698 1286 756 1342 hare
770 1286 792 1341 si
806 1293 836 1342 tu
848 1285 970 1359 postules

237 1373 353 1429 Ratione
367 1381 441 1430 certa
456 1375 559 1443 iacere,
575 1375 631 1431 nilo
647 1374 709 1448 plus
724 1391 800 1447 agas,

238 1463 324 1528 Quam
337 1464 360 1519 si
374 1464 422 1519 des
435 1481 547 1538 operam
558 1474 588 1520 ut
602 1482 664 1520 cum
679 1457 786 1521 ratione
801 1464 931 1521 insanias.

238 1551 271 1608 Et
286 1553 360 1625 quod
375 1570 445 1608 nunc
461 1561 517 1609 tute
532 1561 624 1609 tecum
640 1554 727 1609 iratus
742 1553 846 1627 cogitas

241 1659 253 1700 ‹
269 1641 363 1714 Egone
377 1642 467 1709 illam,
480 1659 542 1716 qum
556 1643 644 1710 illurn,
661 1659 723 1715 quae
738 1659 792 1709 me,
809 1659 871 1715 quae
885 1642 952 1698 non!
967 1640 1029 1698 Sine
1041 1641 1134 1709 modo,

238 1731 305 1788 Mori
319 1749 362 1787 me
378 1732 488 1787 malim:
505 1733 605 1789 sentiet
618 1733 666 1806 qui
678 1733 721 1788 rir
733 1732 810 1789 siem.
829 1749 842 1787 ›

239 1821 300 1878 Haec
316 1823 401 1878 verha
415 1840 470 1879 una
485 1841 529 1878 me
542 1822 635 1878 hercle
649 1821 718 1879 iaisa
731 1821 882 1889 lacrimula,

238 1911 324 1975 Quam
340 1911 434 1969 oculos
448 1913 564 1969 terendo
579 1911 680 1968 misere
696 1912 738 1968 vix
753 1911 779 1968 vi
795 1909 969 1986 expresserit,

235 2001 407 2074 Restinguet,
422 2010 451 2058 et
463 2009 489 2058 te
502 2002 575 2059 ultro
588 2001 735 2071 accusabit,
751 2008 778 2057 et
792 2000 870 2057 dahis

239 2091 314 2148 Ultro
326 2092 352 2148 ei
366 2091 554 2167 supplicium(
573 2095 593 2164 ).

214 2243 258 2317 Ut
287 2244 479 2319 Dinarchus
507 2267 528 2324 a
560 2244 763 2336 Phronesio,
791 2243 840 2318 sic
868 2266 889 2317 a
916 2243 1049 2316 Thaide
1079 2241 1237 2316 Phaedria

165 2369 327 2466 expulsus
347 2379 420 2464 est3
447 2371 534 2445 alter
562 2379 679 2446 autem
707 2370 831 2445 amioae
855 2369 910 2442 vix
937 2369 1133 2466 apparentis
1156 2369 1234 2464 pul-

165 2494 421 2582 chritudinem,
458 2497 596 2594 injuria
628 2505 779 2595 aooeptae
810 2496 1012 2584 immemor,
1053 2493 1164 2567 inhiat
1202 2503 1235 2568 et

165 2621 310 2694 summis
321 2621 484 2695 iaudihus
501 2622 655 2710 extollit3
677 2623 776 2713 alter,
791 2623 861 2696 rim
880 2619 1008 2695 amoris
1022 2619 1232 2695 horrescenti

165 2768 311 2844 corpore
325 2745 513 2838 confessus,
530 2748 564 2820 in
582 2748 702 2822 limine
722 2748 841 2822 saltem
860 2755 1032 2835 moratur,
1051 2752 1085 2820 et
1103 2745 1232 2841 aliquid

165 2871 342 2970 dignitatis
376 2872 512 2947 retinet.
548 2874 649 2948 Nunc
678 2872 819 2948 Thaidis
845 2871 1028 2946 blanditias
1065 2871 1172 2944 iratus
1201 2877 1236 2944 et

131 3021 134 3026 ·
167 2996 314 3070 irridens
347 2997 492 3095 aecipit;
520 2995 633 3088 nune,
667 3021 783 3072 arnore
809 2997 919 3072 nimio
945 2991 1074 3086 rictus,
1105 2995 1139 3068 in
1173 2994 1234 3068 hos

166 3132 308 3219 questus
324 3123 453 3198 vividos
467 3131 501 3198 et
513 3124 657 3198 acerbos
670 3123 847 3222 erumpit:

451 3293 579 3365 orbais,
596 3294 690 3364 Thais,
706 3294 810 3351 utinam
828 3302 903 3351 esset
917 3292 984 3349 mihi

238 3379 304 3440 Pars
316 3401 395 3458 aequa
408 3385 510 3441 amoris
524 3393 613 3442 tecum
626 3403 657 3440 ac
672 3384 777 3458 pariter
791 3383 878 3454 fieret,

147 3529 150 3534 Δ
238 3471 272 3528 Ut
287 3483 335 3529 aut
349 3473 400 3529 hoc
413 3474 464 3531 tihi
478 3473 583 3531 doleret
596 3473 689 3530 itidem
704 3483 735 3530 ut
750 3472 817 3528 mihi
831 3472 913 3537 dolet,

238 3562 290 3620 dut
303 3578 354 3636 ego
367 3563 438 3619 istuc
450 3563 499 3619 ahs
511 3570 538 3618 te
551 3563 652 3620 factum
665 3561 713 3618 nili
727 3561 894 3637 penderem!

198 3732 232 3796 (t)
249 3733 325 3793 Eun,
342 3736 361 3793 l,
381 3734 404 3784 t.
421 3735 496 3784 Recte
514 3738 621 3785 Donatus
641 3737 682 3784 hic
700 3735 776 3784 refert
794 3736 869 3784 verba
885 3733 984 3784 Charini
1003 3745 1085 3780 amore
1100 3730 1236 3781 laborantis

165 3815 195 3862 ad
212 3828 308 3862 servum
321 3815 430 3878 Byrriam
442 3815 628 3879 objurgantem:
649 3834 659 3861 n
675 3817 754 3864 Facile
767 3830 859 3874 omnes,
874 3828 947 3876 quom
959 3815 1077 3870 valemus,
1091 3817 1158 3862 reeta
1175 3827 1237 3862 con-

165 3895 221 3944 silia
234 3895 334 3957 aegrotis
349 3897 442 3944 damus.
458 3895 596 3959 i(Andriu,
613 3897 644 3957 ll,
659 3897 693 3960 1.)
707 3899 818 3945 —Hune
833 3899 914 3945 locum
929 3896 959 3943 de
974 3895 1101 3942 Menandri
1115 3894 1236 3944 Eunucho

163 3977 318 4035 translatum,
330 3977 394 4037 quod
407 3977 518 4025 indicant
531 3977 601 4041 pauci
615 3992 699 4027 versus
711 3993 724 4026 e
737 3992 818 4040 graeca
828 3976 911 4025 sabula
923 3980 1054 4036 exstantes,
1069 3975 1094 4022 in
1106 3975 1200 4024 Horatii
1213 3980 1237 4024 et

164 4058 241 4106 Persii
256 4057 337 4104 satiris
351 4057 496 4106 invenimus.
512 4059 625 4106 Horatius
637 4060 775 4118 Terentium
788 4059 942 4121 potissimum
953 4057 1071 4119 sequitur,
1083 4055 1152 4119 cujus
1164 4058 1237 4105 verba

164 4151 236 4201 paene
250 4137 412 4196 transcribit;
429 4138 528 4186 Persius
542 4141 625 4186 autem
639 4140 808 4197 Menandrum,
830 4139 893 4187 sicut
912 4141 1035 4186 testantur
1054 4151 1129 4198 quum
1147 4136 1237 4185 veteris

163 4218 306 4280 interpretis
316 4219 400 4279 verba,
414 4222 467 4266 tum
481 4219 684 4268 Menandrearum
695 4233 853 4282 personarum
862 4217 969 4279 nomina,
984 4233 998 4265 a
1009 4217 1122 4266 Terentio
1134 4221 1236 4275 mutata,

163 4312 178 4346 a
193 4299 276 4346 Persio
292 4297 395 4346 fideliter
410 4305 513 4348 servata.
530 4299 633 4348 —Vide
647 4299 791 4360 Hor.‚Sot.,
806 4301 838 4362 11,
851 4301 880 4362 33
897 4303 974 4359 Pers,
990 4297 1054 4359 Sat,
1069 4299 1101 4358 V;
1117 4297 1237 4353 Meineke.

163 4377 307 4436 Menander,
323 4373 456 4444 Εὖνοῦχος.
