3330 5258
904 427 1063 490 -na-

525 563 594 618 llenc
610 569 637 618 et
652 561 749 635 pudice
764 561 823 634 ejus
838 560 946 617 doctum
960 561 1042 636 etqu'c
1057 562 1183 618 eductum
1199 561 1285 618 sinam

522 650 653 707 Coactum
668 658 789 723 egestate
804 649 945 723 ingenium
960 650 1144 708 inmutarier‘?

523 741 581 798 Non
593 741 700 798 faciam.

519 868 524 876 ’
559 868 653 925 hlrsrs.
671 901 704 910 —
720 867 797 924 Haud
812 884 918 937 verear,
935 868 958 924 si
972 868 999 923 in
1014 875 1041 924 te
1057 869 1093 925 sit
1106 867 1164 926 solo
1180 869 1279 937 situm3

524 957 576 1015 Sed
590 966 620 1016 ut
635 958 689 1014 vim
704 975 789 1032 queas
804 959 885 1015 ferre.

735 1083 822 1142 Pane.
838 1115 874 1125 -
888 1084 980 1140 Adeon
995 1100 1039 1140 me
1053 1083 1178 1158 ignavom
1193 1093 1282 1158 putas,

523 1173 617 1230 hdeon
631 1190 714 1247 porro
729 1173 867 1246 ingratum
881 1182 927 1230 aut
941 1173 1120 1230 inhumanum
1135 1181 1182 1230 aut
1194 1173 1294 1242 ferum,

523 1263 557 1320 Ut
571 1280 660 1337 neque
675 1280 718 1319 me
734 1263 911 1333 consuetudo,
928 1281 1016 1337 neque
1032 1281 1117 1333 amor,
1134 1281 1223 1337 neque
1239 1264 1325 1338 pudor

524 1355 706 1423 Commoveat,
722 1371 811 1427 neque
824 1361 993 1410 commoneat
1002 1363 1032 1410 ut
1045 1371 1150 1411 servem
1165 1354 1268 1410 hdem‘?

453 1573 529 1661 Quo
543 1571 772 1647 timidioribus
789 1571 944 1669 precibus
959 1572 1058 1671 Mysis
1075 1573 1202 1662 utitur,
1224 1593 1266 1646 eo
1286 1571 1395 1668 magis
1409 1570 1515 1644 allec·

453 1704 524 1770 tum
543 1704 576 1771 et
596 1697 730 1771 animos
741 1695 913 1792 Pamphili
929 1695 1108 1772 accendit:

455 1919 549 1977 hlrsrs
566 1951 596 1961 -
611 1918 697 1976 Unum
710 1919 761 1975 hoc
775 1919 840 1987 scio,
856 1935 914 1976 esse
928 1918 1052 1975 nreritam
1065 1927 1096 1975 nt
1108 1936 1213 1976 memor
1226 1936 1300 1975 esses
1313 1920 1364 1976 sui.

455 2047 539 2102 rutra.
557 2079 591 2086 —
606 2045 708 2102 Memor
723 2063 811 2103 essem
822 2047 835 2102 l
848 2044 869 2101 Ο
884 2045 973 2119 llysis,
991 2043 1083 2118 Mysis,
1101 2044 1182 2100 etiam
1199 2062 1269 2101 nunc
1284 2044 1350 2100 mihi

525 2135 630 2210 Scripta
644 2135 691 2192 illa
707 2135 780 2193 dicta
794 2144 857 2192 sunt
871 2135 899 2191 in
913 2135 1003 2192 animo
1019 2133 1158 2208 Chrysidis

525 2226 562 2281 De
578 2225 710 2299 Glycerio,
727 2225 787 2282 lam
801 2226 887 2281 ferme
901 2225 1021 2281 moriens
1032 2241 1075 2282 me
1087 2232 1183 2280 vocat:

524 2315 647 2384 hccessi;
664 2333 711 2370 vos
727 2322 854 2382 semotae3
868 2331 917 2371 nos
931 2315 998 2383 soli;
1013 2314 1124 2388 incipit:

527 2426 538 2457 ι
554 2404 589 2460 lli
604 2403 755 2479 Pamphile,
769 2405 852 2476 hujus
865 2405 979 2461 formam
993 2413 1075 2478 atque
1087 2412 1195 2460 aetatem
1209 2404 1302 2461 vides:

525 2495 578 2550 Nec
592 2494 662 2550 clam
679 2502 705 2550 te
722 2502 773 2562 est,
790 2511 871 2568 quam
886 2494 925 2550 illi
939 2503 1063 2568 utraeque
1079 2512 1123 2551 res
1138 2512 1209 2551 nuno
1223 2494 1303 2552 utiles

525 2583 557 2640 tn
567 2583 600 2640 od
612 2583 769 2658 pudicitiam
780 2585 851 2640 etad
862 2602 919 2641 rem
931 2585 1071 2642 tutandam
1082 2586 1160 2642 sient.

525 2673 601 2739 Quod
613 2689 664 2746 ego
678 2690 728 2746 per
744 2674 815 2730 hanc
828 2682 855 2730 te
868 2674 990 2730 dextram
1005 2690 1052 2730 oro
1067 2682 1095 2731 et
1109 2675 1219 2748 genium
1234 2682 1319 2743 tuom,

525 2763 575 2819 Per
590 2771 664 2819 tuam
678 2763 770 2831 tidem,
785 2780 888 2838 perque
901 2763 982 2837 hujus
994 2763 1168 2820 solitudinem

523 2852 561 2908 'lc
574 2853 705 2922 obtestor,
719 2871 753 2909 ne
767 2853 855 2910 abste
870 2853 939 2910 hanc
952 2870 1091 2927 segreges,
1108 2872 1161 2911 neu
1175 2855 1294 2912 deseras.

526 2942 551 2999 Si
563 2950 590 2998 te
601 2941 629 2997 in
650 2943 770 3014 germani
784 2943 877 3000 fratris
891 2942 973 2999 dilexi
987 2944 1056 3014 loco,

526 3031 586 3088 Sive
600 3031 659 3087 haec
673 3039 698 3086 te
714 3031 802 3088 solum
816 3049 926 3106 semper
940 3031 1004 3088 lecit
1017 3033 1144 3100 maxumi,

526 3122 577 3176 Seu
591 3120 639 3176 tibi
656 3121 792 3193 morigera
807 3121 858 3177 luit
873 3121 900 3177 in
913 3121 996 3177 rebus
1008 3122 1144 3190 omnibus,

527 3211 565 3266 'l'e
579 3210 623 3267 isti
641 3209 726 3266 virum
743 3211 787 3278 clo,
804 3211 929 3280 amicum,
945 3219 1075 3279 tutorem,
1088 3220 1209 3287 patrem:

527 3301 599 3357 Boua
613 3309 707 3358 nostra
722 3301 779 3358 haec
793 3301 842 3357 tibi
857 3301 986 3375 permitto
1001 3309 1029 3357 et
1043 3310 1097 3358 tuae
1111 3302 1211 3358 mando
1226 3303 1289 3358 side.
1307 3323 1319 3356 a

527 3390 601 3445 Hanc
617 3389 653 3445 mi
668 3389 696 3444 in
712 3406 820 3445 manum
836 3390 898 3446 dat:
918 3407 990 3446 mors
1006 3391 1133 3448 continuo
1149 3391 1236 3464 ipsam
1252 3399 1375 3466 occupat.

527 3480 641 3554 Accepi:
658 3487 797 3554 acceptam
813 3480 927 3536 servabo
940 3481 990 3551 (l).

504 3673 578 3745 Non
589 3673 662 3769 jam
676 3671 732 3746 hio
745 3687 830 3744 varra
852 3670 917 3746 dici
934 3673 1037 3746 sentis
1051 3693 1114 3746 nec
1130 3672 1290 3746 lascivam
1308 3679 1446 3747 aetatem
1464 3672 1515 3745 lu·

456 3794 1517 3895 dere;ultimaChrysidismoriturreverba,inanimummiseri-

457 3922 596 3997 cordem
610 3929 644 3996 et
653 3943 859 4018 generosum
872 3930 1023 4020 recepta,
1035 3922 1256 4020 Pamphilum
1268 3945 1348 3997 oum
1360 3923 1516 4020 Glycerio

489 4155 522 4220 (l)
540 4153 632 4218 Andr„
654 4155 673 4214 1,
690 4155 712 4204 5.
729 4157 786 4204 llaec
801 4157 909 4204 referens
924 4158 1011 4206 Fenelo
1026 4157 1127 4205 scribit:
1147 4175 1157 4202 n
1175 4156 1242 4206 lloici
1257 4171 1289 4206 un
1304 4157 1364 4206 recit
1376 4157 1408 4205 od
1422 4156 1445 4206 la
1460 4171 1516 4218 pas-

459 4239 512 4286 sion
524 4239 592 4300 parlc
605 4239 673 4285 toute
686 4238 761 4285 seule.
778 4254 788 4282 n
809 4236 901 4299 (Lettre
916 4234 930 4286 d
946 4236 1096 4287 l'Acude'rnie
1108 4237 1240 4299 hunccine,
1256 4237 1316 4300 llll.)
