3330 5258
615 449 773 512 ,75-
1206 469 1216 502 t

160 588 246 662 tium
276 585 462 660 immodico
494 583 655 681 cupidine
681 603 855 672 ascensos,
879 591 913 658 ot
944 583 1018 680 ipso
1049 582 1228 682 flagrantis

162 713 270 787 aetotis
290 713 496 808 incultusque
515 719 650 785 naturae
675 710 806 806 impetu
835 709 869 780 in
889 693 1028 782 omnem
1045 708 1225 783 libidinem

161 861 196 912 se
223 837 453 936 projicientes.
476 836 576 924 Quod
598 834 682 910 dioit
706 834 749 909 de
778 833 933 931 patribus
965 833 1115 907 filiorum
1144 833 1228 907 vitio

162 962 417 1047 aemulautibus,
429 960 544 1037 dioere
553 961 719 1059 potuisset
734 959 838 1034 etiem
853 959 896 1033 de
905 957 983 1032 filiis
994 958 1038 1032 ed
1053 958 1227 1032 luxuriem

162 1088 343 1162 ruentibus
358 1112 366 1159 :

235 1325 267 1382 lli
283 1342 374 1394 senes,
390 1325 444 1381 nisi
459 1325 573 1381 luissent
586 1322 664 1379 nihili
675 1324 731 1396 jorn
746 1322 809 1380 inde
824 1324 858 1379 ab
874 1324 1070 1393 adulescentia,

235 1416 292 1472 Nou
306 1413 388 1470 bodie
402 1415 454 1470 boo
468 1420 574 1469 tantum
588 1412 720 1485 flagitium
737 1412 810 1467 oanis
824 1413 976 1486 capitibus:

234 1505 326 1577 Neque
340 1505 408 1560 adeo
421 1504 480 1559 baee
494 1502 659 1570 faceremus,
675 1501 702 1556 ni
718 1502 833 1557 antehae
847 1501 1010 1558 vidissemus
1022 1502 1093 1571 fieri,

235 1593 268 1652 Ut
282 1594 354 1668 apud
368 1593 481 1649 lenones
495 1591 597 1647 rivales
613 1591 676 1646 filiis
692 1591 790 1647 fierent
803 1600 896 1664 patres
912 1593 959 1663 (1).

212 1804 307 1891 Quos
320 1823 418 1876 senes
432 1798 540 1874 laotos
558 1806 592 1874 et
610 1798 856 1896 intempestivis
881 1799 1082 1873 libidinibus
1111 1799 1230 1874 indul·

165 1936 284 2028 gentes
311 1926 434 2023 carpit,
466 1924 606 2000 eosdem
637 1924 671 1997 in
710 1925 822 2020 prime
852 1924 996 2023 juventa
1023 1925 1155 2000 deliciis
1184 1927 1232 2000 ita

164 2053 346 2126 nlleotoset
362 2049 541 2124 dissolutos
550 2057 589 2123 nt
599 2048 711 2121 virum
723 2057 757 2122 et
769 2048 881 2122 oivem
892 2047 1118 2123 dedidicerint
1129 2060 1233 2146 atque

162 2179 237 2278 jam
269 2177 366 2251 nihili
393 2175 473 2266 sint,
512 2174 636 2248 solibus
661 2173 770 2271 magis
802 2174 955 2248 romanis
987 2197 1093 2272 quem
1121 2175 1233 2248 attiois

166 2304 296 2390 illudit,
326 2303 493 2378 haetenus
514 2324 653 2376 morum
679 2309 853 2375 corrector
878 2301 931 2374 rel
954 2301 1066 2397 potins
1083 2301 1232 2397 castiga-

167 2440 233 2521 tor,
254 2451 318 2504 neo
350 2427 492 2536 omniuo
521 2427 684 2526 indignus
710 2427 770 2523 qui
807 2425 929 2502 eodem
960 2434 1060 2501 erate
1082 2449 1123 2501 eo
1144 2427 1229 2500 Ceto

165 2556 299 2631 vixerit.

215 2684 331 2772 Quum
359 2680 504 2754 Plautus
531 2679 671 2778 ingenio
702 2679 870 2776 petulenti
897 2679 1078 2753 instinctus
1110 2679 1234 2776 smpius

168 2811 264 2882 extre
281 2807 395 2904 legem
414 2812 449 2879 et
463 2812 624 2878 usturam
649 2803 832 2880 scribendo
851 2804 1075 2900 exspatiatur,
1106 2805 1235 2880 Teren-

168 2933 235 3006 tius
262 2939 384 3006 oontra
407 2953 545 3028 semper
579 2929 788 3021 moderatus,
824 2929 877 3003 sui
902 2952 1055 3027 oompos,
1083 2937 1118 3004 et
1147 2951 1235 3026 opus

169 3058 341 3133 comicum
361 3079 479 3156 agens,
503 3055 587 3155 quid
608 3057 689 3131 velit
704 3079 862 3154 persona,
879 3055 961 3153 qnid
979 3063 1127 3153 tempus,
1152 3055 1235 3153 quid

168 3185 277 3274 loeus,
307 3206 444 3258 summo
474 3182 586 3257 studio
615 3183 772 3257 observet
797 3180 863 3280 (b).
886 3183 1014 3256 Omnes
1039 3180 1132 3278 apud
1152 3203 1233 3255 eum

169 3333 324 3408 personee
350 3331 487 3406 semper
509 3316 543 3384 et
568 3307 698 3404 ubique
720 3306 964 3382 eorrvenieuter
979 3305 1040 3380 sibi
1062 3315 1171 3406 agunt
1193 3330 1234 3381 se

202 3589 236 3654 (l)
253 3586 396 3647 Bnoobides,
411 3588 440 3648 v,
455 3587 478 3636 ἓ.

202 3671 236 3736 (b)
255 3673 333 3730 Quum
344 3676 438 3719 veteres
451 3668 570 3718 deliniunt
582 3670 641 3731 quid
654 3668 742 3730 eurique
754 3669 848 3718 comico
857 3672 935 3730 poetae
945 3668 1062 3717 eximium
1073 3668 1140 3728 insit,
1153 3683 1237 3718 omnes

171 3754 196 3802 in
210 3754 256 3802 bae
271 3753 361 3800 virtute
376 3750 441 3812 apud
458 3751 598 3800 Terentium
617 3751 739 3798 laudanda
759 3749 936 3798 consentiunt:
955 3766 965 3794 r
981 3749 1055 3810 Ἥθη,
1069 3753 1098 3797 ut
1112 3749 1147 3796 ait
1161 3751 1236 3799 Varro

172 3835 216 3898 (De
228 3833 306 3884 lutino
319 3846 440 3890 sermone,
452 3833 495 3880 lib.
507 3833 627 3896 V),nullis
637 3833 692 3881 aliis
705 3845 801 3881 servare
816 3832 932 3881 convenit
943 3845 1017 3892 quam
1029 3831 1128 3890 Titinio,
1145 3833 1237 3880 Teren-

172 3917 214 3975 tio,
225 3916 303 3974 tttae;
317 3914 383 3974 πάθη
394 3926 451 3961 vero
465 3914 566 3972 Trabes,
584 3912 673 3974 iuquit,
686 3917 711 3961 et
723 3912 820 3970 Atilius,
829 3917 854 3960 et
868 3911 980 3960 Goeoilius
992 3911 1063 3960 tasilo
1071 3914 1207 3960 moverunt.
1224 3927 1234 3956 n

171 3997 264 4062 (chan,
283 3995 344 4045 Inst.
358 4007 449 4056 pram„
462 3993 494 4052 11,
508 3995 686 4057 extrem.l.-r
703 3993 731 4041 ln
745 3993 897 4056 argumentis
911 3992 1022 4042 Goeoilius
1032 3992 1236 4054 poseitpulmam,

172 4078 198 4126 iu
212 4073 281 4139 ἤθεσι
299 4074 438 4133 Terentius,
454 4073 479 4121 in
494 4073 649 4122 sermonibus
662 4075 771 4122 Plautus.
788 4091 799 4118 ι
824 4072 908 4136 (Varro
929 4075 994 4135 apud
1008 4072 1123 4131 Nonium,
1137 4085 1160 4120 v.
1175 4071 1238 4120 Pos-

172 4157 246 4220 cere.)
261 4183 293 4193 -
308 4174 318 4202 ι
333 4155 437 4204 Vincere
452 4153 566 4204 Coeeilius
580 4153 709 4217 perinte,
731 4154 858 4204 Terentius
872 4158 932 4204 arte.
949 4171 960 4199 s
983 4154 1068 4217 (Hor,
1087 4150 1177 4215 Epist..
1201 4150 1238 4209 ll,

172 4238 192 4297 l,
205 4236 255 4300 59.)
272 4241 278 4256 ’
