3330 5258
893 444 1049 506 -36-

438 577 582 654 Frustra
602 579 706 654 Thais
723 580 867 654 -sinoero
893 581 1010 654 animo
1034 601 1171 654 oausam
1195 603 1262 656 non
1285 581 1506 657 inhonestam

439 705 542 782 affert
556 729 619 780 our
636 706 741 779 alium
763 712 954 780 amatorem
972 705 1167 795 admiserit;
1188 705 1365 812 othonem
1383 709 1511 783 amicae

439 827 558 918 fidem,
589 838 623 904 et
651 829 817 928 optimam
837 829 974 903 allatam
1007 853 1147 904 oausam
1174 830 1335 906 Phaedria
1361 832 1509 908 minime

439 963 556 1044 eorat3
573 954 640 1030 hoo
655 962 790 1030 tantum
805 963 956 1052 reputat,
974 956 1081 1030 alium
1095 955 1158 1030 sibi
1171 957 1339 1055 praeponi,
1356 981 1419 1032 neo
1433 958 1507 1056 pati

439 1089 550 1178 potest
568 1105 576 1155 :

509 1290 612 1367 Nempe
627 1293 718 1350 omnia
730 1293 789 1350 haeo
800 1308 872 1350 nuno
884 1293 968 1350 verba
979 1294 1032 1351 huo
1044 1296 1160 1354 redeunt
1172 1297 1288 1372 denique
1300 1314 1305 1352 :

507 1385 565 1459 Ego
580 1383 720 1454 excludor,
735 1382 782 1440 ille
797 1383 938 1458 recipitur.
955 1385 1013 1449 Qua
1028 1386 1141 1458 gratia?

507 1473 564 1531 Nisi
579 1475 602 1531 si
616 1473 693 1531 illum
708 1473 866 1548 plusquam
880 1491 924 1531 me
938 1491 1046 1531 amas...

435 1678 577 1758 Thaidis
598 1681 753 1758 animum
779 1705 841 1758 suo
863 1683 1070 1781 respondere
1086 1691 1121 1758 et
1143 1706 1281 1782 semper
1297 1684 1502 1759 adstrictum

435 1832 577 1885 manere
593 1816 673 1883 ante
694 1807 811 1882 omnia
835 1807 954 1906 eupit:
979 1808 1072 1882 huno
1093 1831 1231 1885 movere
1252 1809 1390 1900 nititur3
1408 1811 1503 1886 huno

436 1934 495 2009 ubi
511 1942 645 2008 motum
657 1933 760 2008 sentit
775 1942 836 2008 aut
848 1923 990 2008 sensisse
1008 1941 1120 2031 potat,
1132 1934 1206 2033 jam
1220 1935 1376 2020 labascit,
1397 1945 1501 2034 atque

434 2084 505 2136 uno
526 2059 630 2135 verbo
645 2067 679 2135 et
693 2060 760 2150 illa,
776 2082 882 2157 quam
898 2061 1070 2135 Parmeno
1082 2059 1299 2158 praeviderat,
1321 2061 1501 2135 lacrimula

434 2187 555 2279 vietus,
581 2186 756 2276 exsilium,
788 2209 900 2283 nuper
923 2185 1197 2277 intolerandum,
1220 2209 1288 2261 non
1313 2187 1496 2282 detrectat3

434 2312 529 2387 hune
556 2311 706 2407 denique
729 2310 783 2384 vel
816 2310 953 2400 absens,
980 2311 1032 2384 vel
1061 2309 1500 2408 pulchritudinem'amieaa

433 2435 616 2512 fruendam
632 2435 688 2509 alii
707 2433 857 2524 tradens,
874 2435 948 2508 vult
970 2435 1062 2510 solus
1079 2436 1241 2526 retinere,
1261 2438 1366 2530 solus,
1390 2447 1428 2511 ut
1452 2438 1500 2511 ita

433 2562 562 2652 dioam,
584 2560 769 2660 possidere,
790 2583 855 2635 neo
878 2559 973 2634 aliud
1002 2561 1098 2635 rivali
1123 2561 1246 2638 cedere
1265 2562 1330 2637 nisi
1361 2573 1498 2638 noctem
1535 2587 1540 2595 ·

432 2689 607 2786 voluptate
624 2709 768 2763 vacuam
785 2695 819 2762 et
837 2687 935 2784 quasi
955 2686 1099 2761 nullam.

520 2918 614 2978 Tnnrs.
628 2949 663 2961 -·
721 2916 858 2993 Numquid
869 2916 910 2975 vis
923 2915 1018 2976 aliud?

490 3119 492 3122 Ι
870 3045 963 3104 Peren.
977 3043 1117 3120 -Egone
1133 3043 1198 3120 quid
1212 3041 1313 3102 velim?

504 3137 570 3195 Gum
584 3135 671 3192 milite
686 3135 739 3192 isto
754 3151 877 3208 presens
891 3135 991 3191 absens
1005 3143 1036 3192 ut
1051 3135 1104 3192 sies
1115 3138 1152 3208 (1)
1165 3155 1171 3191 :

502 3225 566 3282 Dies
579 3225 722 3298 noctisque
737 3240 780 3280 me
796 3240 881 3293 ames,
897 3241 940 3280 me
955 3223 1106 3291 desideres,
1248 3216 1251 3222 ’

502 3315 543 3371 Me
557 3314 685 3385 somnies,
700 3330 744 3370 me
759 3323 896 3388 expectes,
911 3314 946 3370 de
960 3331 1004 3371 me
1019 3314 1133 3389 cogites,

502 3405 544 3461 Me
558 3423 660 3478 speres,
675 3421 719 3462 me
731 3411 759 3461 te
774 3404 904 3474 oblectes,
919 3422 1026 3462 mecum
1038 3413 1097 3462 tota
1109 3405 1165 3462 sis:

502 3495 578 3552 Meus
591 3495 636 3551 tao
651 3494 687 3552 sis
702 3502 840 3569 postremo
853 3494 971 3563 animus,
985 3494 1095 3568 quando
1108 3511 1160 3568 ego
1172 3511 1232 3551 sum
1244 3503 1305 3553 tuos
1318 3497 1368 3570 (2).

479 3704 637 3779 Phaedria
662 3703 803 3803 quidem
830 3703 976 3776 nimium
1002 3701 1066 3776 sibi
1090 3703 1249 3800 sumpsit,
1273 3712 1307 3778 et
1333 3705 1387 3779 vix
1414 3729 1494 3804 pro-

431 3828 541 3909 iectus
557 3829 748 3931 jamredit,
774 3837 813 3904 ut
827 3828 966 3904 Thaidis
980 3828 1053 3902 visu
1070 3829 1123 3903 rel
1141 3829 1262 3926 prooul
1277 3829 1433 3922 fruatur3
1451 3857 1493 3909 ea

460 4085 496 4149 (t)
514 4083 580 4133 cont.
598 4079 684 4144 Virpil.
693 4079 809 4142 AErr.,1V,
818 4078 848 4130 83
858 4095 863 4128 ε
875 4080 965 4130 ollium
975 4082 1063 4130 absens
1076 4082 1202 4130 absentem
1213 4081 1331 4144 auditque
1344 4083 1467 4146 videtque.
1479 4102 1489 4129 r

463 4165 497 4228 (h)
513 4164 590 4222 Ean,
605 4163 623 4220 1,
639 4160 661 4208 ⁰2.
680 4160 738 4210 Vide
752 4159 868 4222 Fenelon,
881 4161 966 4212 Lettre
980 4157 996 4212 d
1011 4160 1161 4214 l'deode'mie
1175 4161 1306 4225 truncatae,
1320 4163 1376 4212 vll:
1392 4181 1402 4209 e
1417 4167 1491 4214 Peut-

430 4261 462 4295 on
472 4244 565 4294 de'sirer
574 4257 607 4292 un
617 4241 770 4304 dramatique
781 4242 835 4304 plus
849 4241 885 4292 rit
896 4247 922 4292 ot
936 4243 990 4306 plus
1004 4243 1103 4307 ingenu.
1123 4260 1133 4289 r
