<?xml version="1.0" encoding="UTF-8"?>
<!DOCTYPE html PUBLIC "-//W3C//DTD XHTML 1.0 Transitional//EN"
    "http://www.w3.org/TR/xhtml1/DTD/xhtml1-transitional.dtd">
<html xmlns="http://www.w3.org/1999/xhtml" xml:lang="en" lang="en">
 <head>
  <title>
</title>
<meta http-equiv="Content-Type" content="text/html;charset=utf-8" />
  <meta name='ocr-system' content='tesseract 3.04.00' />
  <meta name='ocr-capabilities' content='ocr_page ocr_carea ocr_par ocr_line ocrx_word'/>
</head>
<body>
  <div class='ocr_page' id='page_1' title='image "./deplautinisette01bertgoog_0023.png"; bbox 0 0 3330 5258; ppageno 0'>
   <div class='ocr_carea' id='block_1_1' title="bbox 884 437 1043 498">
    <p class='ocr_par' dir='ltr' id='par_1_1' title="bbox 884 437 1043 498">
     <span class='ocr_line' id='line_1_1' title="bbox 884 437 1043 498; baseline 0 -16"><span class='ocrx_word' id='word_1_1' title='bbox 884 437 1043 498; x_wconf 68' lang='lat'>..12-</span> 
     </span>
    </p>
   </div>
   <div class='ocr_carea' id='block_1_2' title="bbox 430 573 1496 799">
    <p class='ocr_par' dir='ltr' id='par_1_2' title="bbox 430 573 1496 799">
     <span class='ocr_line' id='line_1_2' title="bbox 479 573 1496 674; baseline -0.001 -25"><span class='ocrx_word' id='word_1_2' title='bbox 479 575 687 674; x_wconf 79' lang='lat' dir='ltr'>Argyrippus</span> <span class='ocrx_word' id='word_1_3' title='bbox 710 582 826 648; x_wconf 86' lang='lat' dir='ltr'>autem</span> <span class='ocrx_word' id='word_1_4' title='bbox 850 573 974 649; x_wconf 90' lang='lat' dir='ltr'>ardore</span> <span class='ocrx_word' id='word_1_5' title='bbox 999 573 1100 647; x_wconf 91' lang='lat' dir='ltr'>simul</span> <span class='ocrx_word' id='word_1_6' title='bbox 1127 582 1162 648; x_wconf 90' lang='lat' dir='ltr'>et</span> <span class='ocrx_word' id='word_1_7' title='bbox 1185 573 1299 671; x_wconf 89' lang='lat' dir='ltr'>lepore</span> <span class='ocrx_word' id='word_1_8' title='bbox 1325 575 1496 650; x_wconf 89' lang='lat' dir='ltr'>sermonis</span> 
     </span>
     <span class='ocr_line' id='line_1_3' title="bbox 430 699 1406 799; baseline 0 -24"><span class='ocrx_word' id='word_1_9' title='bbox 430 722 508 775; x_wconf 89' lang='lat' dir='ltr'>curn</span> <span class='ocrx_word' id='word_1_10' title='bbox 529 699 683 774; x_wconf 90' lang='lat' dir='ltr'>Philenio</span> <span class='ocrx_word' id='word_1_11' title='bbox 701 722 798 796; x_wconf 82' lang='lat' dir='ltr'>paene</span> <span class='ocrx_word' id='word_1_12' title='bbox 817 699 1005 789; x_wconf 80' lang='lat' dir='ltr'>contendit,</span> <span class='ocrx_word' id='word_1_13' title='bbox 1022 723 1129 797; x_wconf 87' lang='lat' dir='ltr'>quum</span> <span class='ocrx_word' id='word_1_14' title='bbox 1144 699 1226 774; x_wconf 92' lang='lat' dir='ltr'>huic</span> <span class='ocrx_word' id='word_1_15' title='bbox 1244 702 1406 799; x_wconf 83' lang='lat' dir='ltr'><strong>roganti:</strong></span> 
     </span>
    </p>
   </div>
   <div class='ocr_carea' id='block_1_3' title="bbox 433 913 1353 1214">
    <p class='ocr_par' dir='ltr' id='par_1_3' title="bbox 433 913 1353 1214">
     <span class='ocr_line' id='line_1_4' title="bbox 503 913 1353 989; baseline 0.002 -18"><span class='ocrx_word' id='word_1_16' title='bbox 503 917 555 972; x_wconf 82' lang='lat' dir='ltr'>Cur</span> <span class='ocrx_word' id='word_1_17' title='bbox 570 922 608 984; x_wconf 90' lang='lat' dir='ltr'>tu,</span> <span class='ocrx_word' id='word_1_18' title='bbox 623 915 748 983; x_wconf 86' lang='lat' dir='ltr'>obsecro,</span> <span class='ocrx_word' id='word_1_19' title='bbox 763 913 891 971; x_wconf 77' lang='lat' dir='ltr'><strong>inmerito</strong></span> <span class='ocrx_word' id='word_1_20' title='bbox 908 932 968 972; x_wconf 90' lang='lat' dir='ltr'>meo</span> <span class='ocrx_word' id='word_1_21' title='bbox 984 933 1027 971; x_wconf 89' lang='lat' dir='ltr'>me</span> <span class='ocrx_word' id='word_1_22' title='bbox 1043 915 1125 973; x_wconf 92' lang='lat' dir='ltr'>morti</span> <span class='ocrx_word' id='word_1_23' title='bbox 1140 916 1240 973; x_wconf 83' lang='lat' dir='ltr'>dedere</span> <span class='ocrx_word' id='word_1_24' title='bbox 1254 919 1353 989; x_wconf 83' lang='lat' dir='ltr'>optas‘l</span> 
     </span>
     <span class='ocr_line' id='line_1_5' title="bbox 433 1116 1072 1214; baseline 0.003 -26"><span class='ocrx_word' id='word_1_25' title='bbox 433 1117 507 1190; x_wconf 71' lang='lat' dir='ltr'>haec</span> <span class='ocrx_word' id='word_1_26' title='bbox 521 1116 640 1188; x_wconf 84' lang='lat' dir='ltr'>suavia</span> <span class='ocrx_word' id='word_1_27' title='bbox 653 1124 687 1190; x_wconf 90' lang='lat' dir='ltr'>et</span> <span class='ocrx_word' id='word_1_28' title='bbox 703 1116 842 1191; x_wconf 86' lang='lat' dir='ltr'>incensa</span> <span class='ocrx_word' id='word_1_29' title='bbox 865 1117 1047 1214; x_wconf 78' lang='lat' dir='ltr'>respondet</span> <span class='ocrx_word' id='word_1_30' title='bbox 1065 1147 1072 1190; x_wconf 93' lang='lat'><strong>:</strong></span> 
     </span>
    </p>
   </div>
   <div class='ocr_carea' id='block_1_4' title="bbox 502 1341 1297 1504">
    <p class='ocr_par' dir='ltr' id='par_1_4' title="bbox 502 1341 1297 1504">
     <span class='ocr_line' id='line_1_6' title="bbox 502 1341 1246 1417; baseline 0.007 -23"><span class='ocrx_word' id='word_1_31' title='bbox 502 1341 559 1411; x_wconf 84' lang='lat' dir='ltr'>Ego</span> <span class='ocrx_word' id='word_1_32' title='bbox 574 1342 618 1396; x_wconf 87' lang='lat' dir='ltr'>te!</span> <span class='ocrx_word' id='word_1_33' title='bbox 636 1342 718 1414; x_wconf 85' lang='lat' dir='ltr'>quisi</span> <span class='ocrx_word' id='word_1_34' title='bbox 733 1342 892 1415; x_wconf 84' lang='lat' dir='ltr'>intellegam</span> <span class='ocrx_word' id='word_1_35' title='bbox 907 1344 1022 1399; x_wconf 79' lang='lat' dir='ltr'>delicere</span> <span class='ocrx_word' id='word_1_36' title='bbox 1038 1343 1102 1411; x_wconf 90' lang='lat' dir='ltr'>vita,</span> <span class='ocrx_word' id='word_1_37' title='bbox 1114 1344 1172 1416; x_wconf 72' lang='lat' dir='ltr'>Jam</span> <span class='ocrx_word' id='word_1_38' title='bbox 1186 1344 1246 1417; x_wconf 90' lang='lat' dir='ltr'>ipse</span> 
     </span>
     <span class='ocr_line' id='line_1_7' title="bbox 504 1429 1297 1504; baseline 0.005 -21"><span class='ocrx_word' id='word_1_39' title='bbox 504 1429 591 1484; x_wconf 82' lang='lat' dir='ltr'>Vitam</span> <span class='ocrx_word' id='word_1_40' title='bbox 607 1447 694 1486; x_wconf 85' lang='lat' dir='ltr'>meam</span> <span class='ocrx_word' id='word_1_41' title='bbox 710 1430 757 1488; x_wconf 90' lang='lat' dir='ltr'>tibi</span> <span class='ocrx_word' id='word_1_42' title='bbox 771 1431 884 1504; x_wconf 86' lang='lat' dir='ltr'>largiar,</span> <span class='ocrx_word' id='word_1_43' title='bbox 898 1441 925 1489; x_wconf 91' lang='lat' dir='ltr'>et</span> <span class='ocrx_word' id='word_1_44' title='bbox 938 1433 971 1488; x_wconf 91' lang='lat' dir='ltr'>de</span> <span class='ocrx_word' id='word_1_45' title='bbox 984 1450 1044 1488; x_wconf 88' lang='lat' dir='ltr'>mea</span> <span class='ocrx_word' id='word_1_46' title='bbox 1057 1433 1091 1488; x_wconf 88' lang='lat' dir='ltr'>ad</span> <span class='ocrx_word' id='word_1_47' title='bbox 1103 1439 1177 1489; x_wconf 88' lang='lat' dir='ltr'>tuam</span> <span class='ocrx_word' id='word_1_48' title='bbox 1190 1433 1297 1490; x_wconf 84' lang='lat' dir='ltr'>addam.</span> 
     </span>
    </p>
   </div>
   <div class='ocr_carea' id='block_1_5' title="bbox 433 1631 1419 1733">
    <p class='ocr_par' dir='ltr' id='par_1_5' title="bbox 433 1631 1419 1733">
     <span class='ocr_line' id='line_1_8' title="bbox 433 1631 1419 1733; baseline 0.003 -30"><span class='ocrx_word' id='word_1_49' title='bbox 433 1631 504 1705; x_wconf 86' lang='lat' dir='ltr'>Nec</span> <span class='ocrx_word' id='word_1_50' title='bbox 518 1632 631 1705; x_wconf 91' lang='lat' dir='ltr'>miuus</span> <span class='ocrx_word' id='word_1_51' title='bbox 645 1632 749 1732; x_wconf 82' lang='lat' dir='ltr'>digna</span> <span class='ocrx_word' id='word_1_52' title='bbox 770 1634 908 1732; x_wconf 90' lang='lat' dir='ltr'>paribus</span> <span class='ocrx_word' id='word_1_53' title='bbox 923 1634 1045 1709; x_wconf 93' lang='lat' dir='ltr'>animis</span> <span class='ocrx_word' id='word_1_54' title='bbox 1057 1658 1098 1710; x_wconf 92' lang='lat' dir='ltr'>ea</span> <span class='ocrx_word' id='word_1_55' title='bbox 1111 1659 1189 1733; x_wconf 76' lang='lat' dir='ltr'>quae</span> <span class='ocrx_word' id='word_1_56' title='bbox 1203 1644 1396 1732; x_wconf 90' lang='lat' dir='ltr'>sequuntur</span> <span class='ocrx_word' id='word_1_57' title='bbox 1411 1663 1419 1706; x_wconf 90' lang='lat'>:</span> 
     </span>
    </p>
   </div>
   <div class='ocr_carea' id='block_1_6' title="bbox 436 1852 1443 2024">
    <p class='ocr_par' dir='ltr' id='par_1_6' title="bbox 436 1852 1443 2024">
     <span class='ocr_line' id='line_1_9' title="bbox 436 1852 1336 1930; baseline 0.009 -23"><span class='ocrx_word' id='word_1_58' title='bbox 436 1852 512 1908; x_wconf 84' lang='lat' dir='ltr'>an.</span> <span class='ocrx_word' id='word_1_59' title='bbox 530 1885 563 1897; x_wconf 89' lang='lat'>—</span> <span class='ocrx_word' id='word_1_60' title='bbox 578 1855 632 1912; x_wconf 84' lang='lat' dir='ltr'>Cur</span> <span class='ocrx_word' id='word_1_61' title='bbox 645 1873 713 1930; x_wconf 82' lang='lat' dir='ltr'>ergo</span> <span class='ocrx_word' id='word_1_62' title='bbox 728 1858 860 1915; x_wconf 91' lang='lat' dir='ltr'>minitaris</span> <span class='ocrx_word' id='word_1_63' title='bbox 874 1859 924 1915; x_wconf 89' lang='lat' dir='ltr'>tibi</span> <span class='ocrx_word' id='word_1_64' title='bbox 939 1867 966 1917; x_wconf 89' lang='lat' dir='ltr'>te</span> <span class='ocrx_word' id='word_1_65' title='bbox 982 1861 1064 1916; x_wconf 87' lang='lat' dir='ltr'>vitam</span> <span class='ocrx_word' id='word_1_66' title='bbox 1078 1877 1137 1916; x_wconf 89' lang='lat' dir='ltr'>esse</span> <span class='ocrx_word' id='word_1_67' title='bbox 1151 1860 1336 1916; x_wconf 74' lang='lat' dir='ltr'>amissurum?</span> 
     </span>
     <span class='ocr_line' id='line_1_10' title="bbox 578 1945 1443 2024; baseline 0.007 -24"><span class='ocrx_word' id='word_1_68' title='bbox 578 1945 644 2001; x_wconf 91' lang='lat' dir='ltr'>Nam</span> <span class='ocrx_word' id='word_1_69' title='bbox 659 1947 724 2020; x_wconf 87' lang='lat' dir='ltr'>quid</span> <span class='ocrx_word' id='word_1_70' title='bbox 736 1965 779 2003; x_wconf 92' lang='lat' dir='ltr'>me</span> <span class='ocrx_word' id='word_1_71' title='bbox 794 1949 922 2005; x_wconf 88' lang='lat' dir='ltr'>facturam</span> <span class='ocrx_word' id='word_1_72' title='bbox 937 1957 1027 2024; x_wconf 87' lang='lat' dir='ltr'>putas,</span> <span class='ocrx_word' id='word_1_73' title='bbox 1042 1951 1065 2006; x_wconf 89' lang='lat' dir='ltr'>si</span> <span class='ocrx_word' id='word_1_74' title='bbox 1081 1951 1160 2018; x_wconf 87' lang='lat' dir='ltr'>istuc,</span> <span class='ocrx_word' id='word_1_75' title='bbox 1174 1950 1246 2023; x_wconf 90' lang='lat' dir='ltr'>quod</span> <span class='ocrx_word' id='word_1_76' title='bbox 1261 1949 1339 2018; x_wconf 88' lang='lat' dir='ltr'>dicis,</span> <span class='ocrx_word' id='word_1_77' title='bbox 1354 1950 1443 2007; x_wconf 70' lang='lat' dir='ltr'>fanis?</span> 
     </span>
    </p>
   </div>
   <div class='ocr_carea' id='block_1_7' title="bbox 435 2069 1076 2133">
    <p class='ocr_par' dir='ltr' id='par_1_7' title="bbox 435 2069 1076 2133">
     <span class='ocr_line' id='line_1_11' title="bbox 435 2069 1076 2133; baseline 0.016 -11"><span class='ocrx_word' id='word_1_78' title='bbox 435 2069 501 2124; x_wconf 76' lang='grc' dir='ltr'>Αιιιι.</span> <span class='ocrx_word' id='word_1_79' title='bbox 517 2102 552 2112; x_wconf 84' lang='lat'><em>-</em></span> <span class='ocrx_word' id='word_1_80' title='bbox 564 2070 585 2126; x_wconf 93' lang='grc' dir='ltr'><strong>Ο</strong></span> <span class='ocrx_word' id='word_1_81' title='bbox 598 2073 680 2128; x_wconf 90' lang='lat' dir='ltr'>melle</span> <span class='ocrx_word' id='word_1_82' title='bbox 694 2075 766 2130; x_wconf 88' lang='lat' dir='ltr'>dulei</span> <span class='ocrx_word' id='word_1_83' title='bbox 782 2075 886 2132; x_wconf 87' lang='lat' dir='ltr'>dulcior</span> <span class='ocrx_word' id='word_1_84' title='bbox 900 2076 968 2132; x_wconf 93' lang='lat' dir='ltr'>mihi</span> <span class='ocrx_word' id='word_1_85' title='bbox 983 2083 1013 2132; x_wconf 88' lang='lat' dir='ltr'>tu</span> <span class='ocrx_word' id='word_1_86' title='bbox 1030 2078 1076 2133; x_wconf 92' lang='lat' dir='ltr'>esl</span> 
     </span>
    </p>
   </div>
   <div class='ocr_carea' id='block_1_8' title="bbox 508 2201 1396 2364">
    <p class='ocr_par' dir='ltr' id='par_1_8' title="bbox 508 2201 1396 2364">
     <span class='ocr_line' id='line_1_12' title="bbox 853 2201 1396 2259; baseline 0.002 -3"><span class='ocrx_word' id='word_1_87' title='bbox 853 2201 1014 2259; x_wconf 84' lang='lat' dir='ltr'>Pnnumuu.</span> <span class='ocrx_word' id='word_1_88' title='bbox 1031 2235 1066 2244; x_wconf 91' lang='lat'>-</span> <span class='ocrx_word' id='word_1_89' title='bbox 1079 2202 1158 2259; x_wconf 83' lang='lat' dir='ltr'>Certe</span> <span class='ocrx_word' id='word_1_90' title='bbox 1171 2202 1243 2258; x_wconf 91' lang='lat' dir='ltr'>enim</span> <span class='ocrx_word' id='word_1_91' title='bbox 1256 2211 1287 2258; x_wconf 87' lang='lat' dir='ltr'>tu</span> <span class='ocrx_word' id='word_1_92' title='bbox 1300 2201 1355 2258; x_wconf 86' lang='lat' dir='ltr'>vita</span> <span class='ocrx_word' id='word_1_93' title='bbox 1367 2219 1396 2257; x_wconf 88' lang='lat' dir='ltr'>es</span> 
     </span>
     <span class='ocr_line' id='line_1_13' title="bbox 508 2287 791 2364; baseline 0.007 -20"><span class='ocrx_word' id='word_1_94' title='bbox 508 2287 572 2344; x_wconf 88' lang='lat' dir='ltr'>lllihi</span> <span class='ocrx_word' id='word_1_95' title='bbox 588 2306 594 2342; x_wconf 90' lang='lat'><strong>:</strong></span> <span class='ocrx_word' id='word_1_96' title='bbox 611 2291 791 2364; x_wconf 87' lang='lat' dir='ltr'>conplectere.</span> 
     </span>
    </p>
   </div>
   <div class='ocr_carea' id='block_1_9' title="bbox 666 2418 1000 2476">
    <p class='ocr_par' dir='ltr' id='par_1_9' title="bbox 666 2418 1000 2476">
     <span class='ocr_line' id='line_1_14' title="bbox 666 2418 1000 2476; baseline 0.003 -3"><span class='ocrx_word' id='word_1_97' title='bbox 666 2420 734 2474; x_wconf 83' lang='lat' dir='ltr'>Aac.</span> <span class='ocrx_word' id='word_1_98' title='bbox 752 2451 786 2460; x_wconf 95' lang='lat'>-</span> <span class='ocrx_word' id='word_1_99' title='bbox 800 2418 879 2476; x_wconf 84' lang='lat' dir='ltr'>Facio</span> <span class='ocrx_word' id='word_1_100' title='bbox 894 2418 1000 2475; x_wconf 86' lang='lat' dir='ltr'>lubens.</span> 
     </span>
    </p>
   </div>
   <div class='ocr_carea' id='block_1_10' title="bbox 896 2545 1407 2616">
    <p class='ocr_par' dir='ltr' id='par_1_10' title="bbox 896 2545 1407 2616">
     <span class='ocr_line' id='line_1_15' title="bbox 896 2545 1407 2616; baseline 0 -16"><span class='ocrx_word' id='word_1_101' title='bbox 896 2545 944 2601; x_wconf 83' lang='lat' dir='ltr'>en.</span> <span class='ocrx_word' id='word_1_102' title='bbox 961 2578 996 2586; x_wconf 88' lang='lat'>-</span> <span class='ocrx_word' id='word_1_103' title='bbox 1011 2545 1118 2603; x_wconf 88' lang='lat' dir='ltr'>Utinam</span> <span class='ocrx_word' id='word_1_104' title='bbox 1134 2545 1173 2600; x_wconf 88' lang='lat' dir='ltr'>sic</span> <span class='ocrx_word' id='word_1_105' title='bbox 1187 2545 1333 2603; x_wconf 79' lang='lat' dir='ltr'>efferamur</span> <span class='ocrx_word' id='word_1_106' title='bbox 1347 2546 1387 2616; x_wconf 87' lang='lat' dir='ltr'>(l)</span> <span class='ocrx_word' id='word_1_107' title='bbox 1400 2545 1407 2600; x_wconf 85' lang='lat' dir='ltr'>l</span> 
     </span>
    </p>
   </div>
   <div class='ocr_carea' id='block_1_11' title="bbox 431 2744 1498 4092">
    <p class='ocr_par' dir='ltr' id='par_1_11' title="bbox 431 2744 1498 3725">
     <span class='ocr_line' id='line_1_16' title="bbox 435 2744 1497 2844; baseline -0.001 -26"><span class='ocrx_word' id='word_1_108' title='bbox 435 2747 546 2841; x_wconf 86' lang='lat' dir='ltr'>Prope</span> <span class='ocrx_word' id='word_1_109' title='bbox 567 2753 617 2820; x_wconf 89' lang='lat' dir='ltr'>est</span> <span class='ocrx_word' id='word_1_110' title='bbox 641 2752 677 2818; x_wconf 93' lang='lat' dir='ltr'>ut</span> <span class='ocrx_word' id='word_1_111' title='bbox 695 2754 898 2842; x_wconf 82' lang='lat' dir='ltr'>exoptemus</span> <span class='ocrx_word' id='word_1_112' title='bbox 924 2744 1160 2819; x_wconf 84' lang='lat' dir='ltr'>dulcissimum</span> <span class='ocrx_word' id='word_1_113' title='bbox 1187 2744 1269 2819; x_wconf 93' lang='lat' dir='ltr'>illud</span> <span class='ocrx_word' id='word_1_114' title='bbox 1289 2745 1497 2844; x_wconf 82' lang='lat' dir='ltr'>colloquium</span> 
     </span>
     <span class='ocr_line' id='line_1_17' title="bbox 436 2868 1495 2966; baseline 0.003 -26"><span class='ocrx_word' id='word_1_115' title='bbox 436 2870 492 2944; x_wconf 92' lang='lat' dir='ltr'>hic</span> <span class='ocrx_word' id='word_1_116' title='bbox 509 2870 613 2946; x_wconf 85' lang='lat' dir='ltr'>finem</span> <span class='ocrx_word' id='word_1_117' title='bbox 634 2871 806 2962; x_wconf 90' lang='lat' dir='ltr'>habuisse,</span> <span class='ocrx_word' id='word_1_118' title='bbox 833 2880 867 2944; x_wconf 94' lang='lat' dir='ltr'>et</span> <span class='ocrx_word' id='word_1_119' title='bbox 888 2868 1053 2956; x_wconf 82' lang='lat' dir='ltr'>fabulam,</span> <span class='ocrx_word' id='word_1_120' title='bbox 1079 2871 1220 2966; x_wconf 91' lang='lat' dir='ltr'>reliquis</span> <span class='ocrx_word' id='word_1_121' title='bbox 1244 2868 1495 2960; x_wconf 85' lang='lat' dir='ltr'>deficientibus,</span> 
     </span>
     <span class='ocr_line' id='line_1_18' title="bbox 435 2995 1497 3094; baseline 0.001 -26"><span class='ocrx_word' id='word_1_122' title='bbox 435 2996 525 3070; x_wconf 93' lang='lat' dir='ltr'>haud</span> <span class='ocrx_word' id='word_1_123' title='bbox 548 2997 713 3094; x_wconf 80' lang='lat' dir='ltr'>integram</span> <span class='ocrx_word' id='word_1_124' title='bbox 735 2996 777 3070; x_wconf 90' lang='lat' dir='ltr'>ad</span> <span class='ocrx_word' id='word_1_125' title='bbox 800 3019 862 3070; x_wconf 92' lang='lat' dir='ltr'>nos</span> <span class='ocrx_word' id='word_1_126' title='bbox 881 2995 1091 3092; x_wconf 89' lang='lat' dir='ltr'>pervenisse;</span> <span class='ocrx_word' id='word_1_127' title='bbox 1117 2995 1291 3069; x_wconf 90' lang='lat' dir='ltr'>amoribus</span> <span class='ocrx_word' id='word_1_128' title='bbox 1313 2996 1406 3070; x_wconf 90' lang='lat' dir='ltr'>enim</span> <span class='ocrx_word' id='word_1_129' title='bbox 1425 3004 1497 3069; x_wconf 90' lang='lat' dir='ltr'>tam</span> 
     </span>
     <span class='ocr_line' id='line_1_19' title="bbox 435 3119 1498 3219; baseline -0.002 -24"><span class='ocrx_word' id='word_1_130' title='bbox 435 3124 585 3196; x_wconf 79' lang='lat' dir='ltr'>suaviter</span> <span class='ocrx_word' id='word_1_131' title='bbox 596 3121 809 3195; x_wconf 78' lang='lat' dir='ltr'>adumbratis</span> <span class='ocrx_word' id='word_1_132' title='bbox 828 3121 1004 3219; x_wconf 83' lang='lat' dir='ltr'>indulgere</span> <span class='ocrx_word' id='word_1_133' title='bbox 1023 3119 1122 3194; x_wconf 90' lang='lat' dir='ltr'>nobis</span> <span class='ocrx_word' id='word_1_134' title='bbox 1137 3120 1298 3211; x_wconf 82' lang='lat' dir='ltr'>licuisset,</span> <span class='ocrx_word' id='word_1_135' title='bbox 1315 3143 1422 3218; x_wconf 90' lang='lat' dir='ltr'>quum</span> <span class='ocrx_word' id='word_1_136' title='bbox 1439 3142 1498 3194; x_wconf 91' lang='lat' dir='ltr'>eos</span> 
     </span>
     <span class='ocr_line' id='line_1_20' title="bbox 435 3245 1498 3346; baseline -0.002 -24"><span class='ocrx_word' id='word_1_137' title='bbox 435 3249 700 3346; x_wconf 86' lang='lat' dir='ltr'>conjecissemus</span> <span class='ocrx_word' id='word_1_138' title='bbox 724 3247 767 3320; x_wconf 90' lang='lat' dir='ltr'>ab</span> <span class='ocrx_word' id='word_1_139' title='bbox 786 3247 923 3343; x_wconf 89' lang='lat' dir='ltr'>incepto</span> <span class='ocrx_word' id='word_1_140' title='bbox 949 3245 992 3320; x_wconf 93' lang='lat' dir='ltr'>ad</span> <span class='ocrx_word' id='word_1_141' title='bbox 1016 3251 1126 3320; x_wconf 92' lang='lat' dir='ltr'>imum</span> <span class='ocrx_word' id='word_1_142' title='bbox 1152 3245 1215 3319; x_wconf 90' lang='lat' dir='ltr'>sibi</span> <span class='ocrx_word' id='word_1_143' title='bbox 1238 3246 1441 3336; x_wconf 89' lang='lat' dir='ltr'>constitisse,</span> <span class='ocrx_word' id='word_1_144' title='bbox 1463 3255 1498 3320; x_wconf 92' lang='lat' dir='ltr'>et</span> 
     </span>
     <span class='ocr_line' id='line_1_21' title="bbox 435 3371 1496 3469; baseline -0.003 -21"><span class='ocrx_word' id='word_1_145' title='bbox 435 3398 535 3449; x_wconf 85' lang='lat' dir='ltr'>suum</span> <span class='ocrx_word' id='word_1_146' title='bbox 551 3374 703 3469; x_wconf 90' lang='lat' dir='ltr'>leporem</span> <span class='ocrx_word' id='word_1_147' title='bbox 723 3383 829 3447; x_wconf 91' lang='lat' dir='ltr'>totum</span> <span class='ocrx_word' id='word_1_148' title='bbox 847 3373 1045 3461; x_wconf 82' lang='lat' dir='ltr'>retinuisse3</span> <span class='ocrx_word' id='word_1_149' title='bbox 1074 3372 1122 3446; x_wconf 89' lang='lat' dir='ltr'>eis</span> <span class='ocrx_word' id='word_1_150' title='bbox 1144 3380 1260 3446; x_wconf 87' lang='lat' dir='ltr'>autem</span> <span class='ocrx_word' id='word_1_151' title='bbox 1280 3373 1423 3446; x_wconf 85' lang='lat' dir='ltr'>Plautus</span> <span class='ocrx_word' id='word_1_152' title='bbox 1437 3371 1496 3445; x_wconf 94' lang='lat' dir='ltr'>diu</span> 
     </span>
     <span class='ocr_line' id='line_1_22' title="bbox 434 3497 1498 3599; baseline -0.004 -25"><span class='ocrx_word' id='word_1_153' title='bbox 434 3523 576 3599; x_wconf 89' lang='lat' dir='ltr'>parcere</span> <span class='ocrx_word' id='word_1_154' title='bbox 593 3500 714 3590; x_wconf 88' lang='lat' dir='ltr'>noluit,</span> <span class='ocrx_word' id='word_1_155' title='bbox 729 3509 833 3596; x_wconf 85' lang='lat' dir='ltr'>atque</span> <span class='ocrx_word' id='word_1_156' title='bbox 852 3499 954 3573; x_wconf 90' lang='lat' dir='ltr'>etiam</span> <span class='ocrx_word' id='word_1_157' title='bbox 974 3507 1085 3572; x_wconf 89' lang='lat' dir='ltr'>tantas</span> <span class='ocrx_word' id='word_1_158' title='bbox 1104 3497 1257 3571; x_wconf 89' lang='lat' dir='ltr'>maculas</span> <span class='ocrx_word' id='word_1_159' title='bbox 1274 3497 1445 3594; x_wconf 89' lang='lat' dir='ltr'>impressit</span> <span class='ocrx_word' id='word_1_160' title='bbox 1461 3504 1498 3571; x_wconf 89' lang='lat' dir='ltr'>ut</span> 
     </span>
     <span class='ocr_line' id='line_1_23' title="bbox 431 3623 1493 3725; baseline -0.008 -23"><span class='ocrx_word' id='word_1_161' title='bbox 431 3627 640 3725; x_wconf 86' lang='lat' dir='ltr'>jucunditas,</span> <span class='ocrx_word' id='word_1_162' title='bbox 664 3650 732 3725; x_wconf 90' lang='lat' dir='ltr'>qua</span> <span class='ocrx_word' id='word_1_163' title='bbox 749 3624 877 3722; x_wconf 90' lang='lat' dir='ltr'>perlusi</span> <span class='ocrx_word' id='word_1_164' title='bbox 896 3634 1007 3716; x_wconf 93' lang='lat' dir='ltr'>erant,</span> <span class='ocrx_word' id='word_1_165' title='bbox 1027 3625 1062 3700; x_wconf 95' lang='lat' dir='ltr'>iu</span> <span class='ocrx_word' id='word_1_166' title='bbox 1082 3623 1272 3706; x_wconf 77' lang='lat' dir='ltr'>foeditatem</span> <span class='ocrx_word' id='word_1_167' title='bbox 1288 3645 1324 3697; x_wconf 92' lang='lat' dir='ltr'>se</span> <span class='ocrx_word' id='word_1_168' title='bbox 1339 3623 1493 3707; x_wconf 80' lang='lat' dir='ltr'>uerterit.</span> 
     </span>
    </p>

    <p class='ocr_par' dir='ltr' id='par_1_12' title="bbox 434 3745 1497 4092">
     <span class='ocr_line' id='line_1_24' title="bbox 483 3745 1495 3850; baseline -0.001 -23"><span class='ocrx_word' id='word_1_169' title='bbox 483 3756 600 3843; x_wconf 82' lang='lat' dir='ltr'>Quum</span> <span class='ocrx_word' id='word_1_170' title='bbox 615 3753 734 3850; x_wconf 86' lang='lat' dir='ltr'>viginti</span> <span class='ocrx_word' id='word_1_171' title='bbox 750 3745 857 3824; x_wconf 47' lang='lat' dir='ltr'>minis*</span> <span class='ocrx_word' id='word_1_172' title='bbox 874 3751 1085 3850; x_wconf 78' lang='lat' dir='ltr'>Argyrippus</span> <span class='ocrx_word' id='word_1_173' title='bbox 1101 3757 1205 3847; x_wconf 83' lang='lat' dir='ltr'>egeat</span> <span class='ocrx_word' id='word_1_174' title='bbox 1227 3757 1265 3822; x_wconf 90' lang='lat' dir='ltr'>ut</span> <span class='ocrx_word' id='word_1_175' title='bbox 1287 3748 1434 3823; x_wconf 90' lang='lat' dir='ltr'>amicam</span> <span class='ocrx_word' id='word_1_176' title='bbox 1460 3749 1495 3826; x_wconf 93' lang='lat' dir='ltr'>in</span> 
     </span>
     <span class='ocr_line' id='line_1_25' title="bbox 435 3875 1496 3967; baseline -0.005 -14"><span class='ocrx_word' id='word_1_177' title='bbox 435 3879 627 3955; x_wconf 87' lang='lat' dir='ltr'>libertatem</span> <span class='ocrx_word' id='word_1_178' title='bbox 643 3877 804 3967; x_wconf 90' lang='lat' dir='ltr'>vindicet,</span> <span class='ocrx_word' id='word_1_179' title='bbox 821 3886 855 3952; x_wconf 93' lang='lat' dir='ltr'>et</span> <span class='ocrx_word' id='word_1_180' title='bbox 876 3885 927 3951; x_wconf 89' lang='lat' dir='ltr'>tot</span> <span class='ocrx_word' id='word_1_181' title='bbox 943 3875 1054 3949; x_wconf 91' lang='lat' dir='ltr'>minas</span> <span class='ocrx_word' id='word_1_182' title='bbox 1079 3875 1114 3948; x_wconf 88' lang='lat' dir='ltr'>iu</span> <span class='ocrx_word' id='word_1_183' title='bbox 1138 3876 1295 3949; x_wconf 89' lang='lat' dir='ltr'>crumina</span> <span class='ocrx_word' id='word_1_184' title='bbox 1320 3897 1496 3949; x_wconf 87' lang='lat' dir='ltr'>servorum</span> 
     </span>
     <span class='ocr_line' id='line_1_26' title="bbox 434 3999 1497 4092; baseline -0.003 -13"><span class='ocrx_word' id='word_1_185' title='bbox 434 4005 556 4080; x_wconf 89' lang='lat' dir='ltr'>Libani</span> <span class='ocrx_word' id='word_1_186' title='bbox 590 4013 623 4079; x_wconf 92' lang='lat' dir='ltr'>et</span> <span class='ocrx_word' id='word_1_187' title='bbox 661 4003 822 4079; x_wconf 88' lang='lat' dir='ltr'>Leonidae</span> <span class='ocrx_word' id='word_1_188' title='bbox 854 4001 979 4092; x_wconf 87' lang='lat' dir='ltr'>videat,</span> <span class='ocrx_word' id='word_1_189' title='bbox 1013 3999 1056 4076; x_wconf 93' lang='lat' dir='ltr'>ad</span> <span class='ocrx_word' id='word_1_190' title='bbox 1092 4021 1195 4076; x_wconf 91' lang='lat' dir='ltr'>omne</span> <span class='ocrx_word' id='word_1_191' title='bbox 1234 4000 1383 4076; x_wconf 90' lang='lat' dir='ltr'>dedecus</span> <span class='ocrx_word' id='word_1_192' title='bbox 1424 4022 1497 4076; x_wconf 89' lang='lat' dir='ltr'>sese</span> 
     </span>
    </p>
   </div>
   <div class='ocr_carea' id='block_1_12' title="bbox 466 4252 692 4318">
    <p class='ocr_par' dir='ltr' id='par_1_13' title="bbox 466 4252 692 4318">
     <span class='ocr_line' id='line_1_27' title="bbox 466 4252 692 4318; baseline -0.009 -14"><span class='ocrx_word' id='word_1_193' title='bbox 466 4254 501 4318; x_wconf 80' lang='lat' dir='ltr'>n)</span> <span class='ocrx_word' id='word_1_194' title='bbox 515 4253 597 4316; x_wconf 69' lang='lat' dir='ltr'>nera,</span> <span class='ocrx_word' id='word_1_195' title='bbox 611 4254 653 4313; x_wconf 86' lang='lat' dir='ltr'>ru,</span> <span class='ocrx_word' id='word_1_196' title='bbox 668 4252 692 4303; x_wconf 84' lang='lat' dir='ltr'>a.</span> 
     </span>
    </p>
   </div>
   <div class='ocr_carea' id='block_1_13' title="bbox 0 0 1670 5258">
    <p class='ocr_par' dir='ltr' id='par_1_14' title="bbox 0 0 1670 5258">
     <span class='ocr_line' id='line_1_28' title="bbox 0 0 1670 5258; baseline 0 0"><span class='ocrx_word' id='word_1_197' title='bbox 0 0 1670 5258; x_wconf 95' lang='lat' dir='ltr'> </span> 
     </span>
    </p>
   </div>
  </div>
 </body>
</html>
