3330 5258
845 495 1003 558 ..80-

395 630 701 724 parumhonestas
719 633 878 706 Plautum
899 633 997 732 juvat
1019 633 1176 708 obscenis
1204 633 1318 707 verbis
1335 633 1459 730 ampli-

395 753 512 844 ficare,
535 756 711 831 Terentius
734 755 884 832 detihare
899 759 995 848 solet,
1017 758 1086 833 sive
1110 781 1167 833 eas
1186 756 1297 832 faceto
1324 764 1460 830 tantum

395 879 544 967 silentio,
564 879 634 953 sive
648 879 760 954 verhis
776 881 864 954 salsa
876 881 1044 956 modestia
1058 879 1229 978 adspersis
1240 879 1420 978 significat.

609 1083 659 1141 Ubi
673 1083 767 1140 abiere
780 1084 863 1154 intro,
881 1101 1015 1159 operuere
1030 1085 1138 1152 ostium,

394 1257 615 1332 Menedemus
629 1259 690 1343 ait,
705 1281 812 1354 quum
829 1256 935 1332 refert
947 1259 1122 1356 quomodo
1136 1259 1281 1333 Bacchis
1294 1261 1363 1333 sola
1379 1283 1459 1332 cum

395 1384 466 1459 solo
480 1383 673 1480 Clitiphone
696 1383 731 1456 in
750 1385 912 1458 conclave
932 1385 1145 1474 recesserint,
1168 1408 1232 1460 nec
1250 1385 1325 1484 ejus
1348 1407 1462 1459 sermo

398 1509 638 1608 ultravagatur
650 1507 716 1607 (1).
731 1507 897 1584 Chremes
908 1509 1016 1584 iratus
1033 1518 1069 1583 et
1087 1509 1221 1585 tumido
1232 1533 1292 1584 ore
1307 1508 1365 1583 lilii
1379 1509 1470 1612 vitia

352 1643 355 1648 '
396 1634 606 1731 vituperans,
621 1658 721 1709 suum
738 1657 931 1710 sermonem
947 1635 1059 1709 subito
1073 1635 1303 1734 interrumpit,
1317 1657 1361 1710 ue
1376 1657 1463 1732 prac-

398 1767 494 1835 sente
512 1775 618 1836 trxore
634 1761 779 1835 verbum
796 1768 898 1857 turpe
917 1760 1007 1836 dicet
1025 1759 1103 1859 (ᾖ).

413 1877 415 1882 ⁴
444 1885 691 1970 Verecundum
709 1886 844 1962 ¹dictum
860 1885 1110 1977 animadverte,
1133 1908 1202 1984 quo
1222 1887 1462 1984 turpissimum

396 2034 571 2108 ecorpure
586 2012 724 2126 uulgato
735 2020 914 2109 vquaestum
932 2011 1095 2087 meretrix
1113 2011 1266 2086 indicat:
1372 2027 1375 2034 ’

516 2234 603 2292 forma
616 2234 724 2308 impulsi
741 2242 834 2292 nostra
845 2251 893 2290 nos
908 2243 1041 2292 amatores
1056 2237 1164 2292 colunt:
1227 2271 1229 2274 -

468 2326 531 2382 Haec
545 2324 592 2380 uhi
607 2325 779 2392 inminutast,
794 2324 833 2379 iili
848 2341 924 2380 suom
941 2325 1064 2398 animum
1078 2325 1132 2382 alio
1147 2325 1308 2393 conferunt3

467 2417 533 2475 Nisi
547 2416 572 2473 si
582 2417 763 2486 prospectum
777 2415 885 2471 intereo
900 2413 1074 2486 aliquidaut,
1091 2413 1209 2471 desertae
1224 2412 1339 2469 vivimus
1354 2413 1404 2485 (3).

397 2607 521 2681 Servus
539 2605 644 2680 etiam
663 2626 744 2678 cum
762 2604 944 2680 meretrice
967 2604 1110 2700 loquens
1132 2605 1206 2680 siue
1227 2605 1295 2682 ulla
1321 2603 1463 2679 licentia

396 2740 514 2805 narrat
549 2753 619 2828 qua
640 2730 806 2804 castitate
845 2729 993 2827 primam
1027 2738 1103 2826 post
1142 2730 1277 2828 nuptias
1322 2738 1462 2804 noctem

396 2857 501 2931 herus
518 2854 628 2954 egerit
652 2853 721 2953 (4).
740 2853 831 2943 Quid
854 2854 982 2927 mirum
999 2853 1027 2927 si
1040 2855 1284 2930 verecundiam
1302 2854 1461 2930 eamdem

396 2982 432 3056 in
462 3003 620 3056 sermone
652 2979 801 3055 retinent
830 2978 1077 3070 adolescentes,
1108 2987 1213 3077 atque
1240 2979 1344 3055 etiarn
1374 2979 1461 3054 dum

395 3107 561 3204 uoluptati
587 3106 779 3204 indulgent,
798 3104 954 3203 pudicius
985 3105 1176 3202 loquuntur
1205 3129 1311 3203 quarn
1336 3115 1457 3204 agunt.
1499 3186 1505 3193 ,

395 3231 588 3308 Chremetis
605 3230 640 3304 in
660 3231 833 3306 Eunucho
851 3229 998 3304 ebrietas
1018 3230 1203 3304 verborum
1219 3240 1459 3327 protervorum

396 3359 443 3433 ita
463 3380 566 3457 parca
585 3365 635 3432 est
651 3358 713 3453 (5),
744 3364 781 3430 ut
802 3355 977 3430 Plautinos
1001 3354 1230 3430 adolescentes
1252 3356 1305 3430 vei
1329 3355 1461 3432 sobrios

396 3483 562 3559 hactenus
580 3481 736 3557 lasciuire
758 3481 852 3556 velis,
870 3481 1067 3578 Clitiphoni‚
1089 3481 1150 3578 qui
1175 3481 1283 3556 nimia
1304 3481 1458 3580 profecto

396 3607 431 3682 in
445 3610 525 3684 uino
538 3609 654 3698 audet,
673 3631 716 3684 ne
733 3631 842 3682 unum
858 3607 998 3705 quidem
1018 3606 1162 3681 verbum
1182 3606 1381 3683 indecorum
1397 3631 1459 3710 esf

395 3735 496 3832 cidit3
507 3735 577 3810 imo
589 3736 679 3833 plus,
694 3733 780 3808 dum
791 3734 957 3831 loquitur,
972 3755 1069 3830 aquo
1079 3733 1305 3821 verecundus
1322 3741 1456 3832 patrem

427 3990 460 4053 (1)
475 3990 575 4050 Heaut,
591 3989 619 4049 V,
634 3987 658 4038 1.

426 4069 459 4135 (h)
476 4069 577 4131 Heaut,
590 4071 618 4130 V,
631 4067 656 4118 d.

426 4151 458 4215 (3)
476 4151 576 4211 Henna,
590 4151 620 4210 11,
636 4149 659 4198 d.

425 4231 458 4296 (d)
475 4232 573 4296 Hecpr„
587 4231 606 4292 1,
620 4230 643 4280 2.

424 4312 458 4378 (5)
474 4313 553 4375 Euo„
569 4312 607 4372 Ν,
622 4311 647 4361 5.
