<?xml version="1.0" encoding="UTF-8"?>
<!DOCTYPE html PUBLIC "-//W3C//DTD XHTML 1.0 Transitional//EN"
    "http://www.w3.org/TR/xhtml1/DTD/xhtml1-transitional.dtd">
<html xmlns="http://www.w3.org/1999/xhtml" xml:lang="en" lang="en">
 <head>
  <title>
</title>
<meta http-equiv="Content-Type" content="text/html;charset=utf-8" />
  <meta name='ocr-system' content='tesseract 3.04.00' />
  <meta name='ocr-capabilities' content='ocr_page ocr_carea ocr_par ocr_line ocrx_word'/>
</head>
<body>
  <div class='ocr_page' id='page_1' title='image "./deplautinisette01bertgoog_0071.png"; bbox 0 0 3330 5258; ppageno 0'>
   <div class='ocr_carea' id='block_1_1' title="bbox 900 453 1059 516">
    <p class='ocr_par' dir='ltr' id='par_1_1' title="bbox 900 453 1059 516">
     <span class='ocr_line' id='line_1_1' title="bbox 900 453 1059 516; baseline 0.013 -18"><span class='ocrx_word' id='word_1_1' title='bbox 900 453 1059 516; x_wconf 60' lang='lat'>..50-</span> 
     </span>
    </p>
   </div>
   <div class='ocr_carea' id='block_1_2' title="bbox 445 589 1516 1440">
    <p class='ocr_par' dir='ltr' id='par_1_2' title="bbox 445 589 1516 1440">
     <span class='ocr_line' id='line_1_2' title="bbox 446 589 1516 687; baseline 0.003 -24"><span class='ocrx_word' id='word_1_2' title='bbox 446 589 522 677; x_wconf 82' lang='lat' dir='ltr'>Qun</span> <span class='ocrx_word' id='word_1_3' title='bbox 542 589 657 663; x_wconf 91' lang='lat' dir='ltr'>minus</span> <span class='ocrx_word' id='word_1_4' title='bbox 676 597 883 686; x_wconf 83' lang='lat' dir='ltr'>exspectata,</span> <span class='ocrx_word' id='word_1_5' title='bbox 905 611 947 664; x_wconf 88' lang='lat' dir='ltr'>eo</span> <span class='ocrx_word' id='word_1_6' title='bbox 965 590 1094 687; x_wconf 82' lang='lat' dir='ltr'>gratior</span> <span class='ocrx_word' id='word_1_7' title='bbox 1110 591 1259 664; x_wconf 87' lang='lat' dir='ltr'>suavitas</span> <span class='ocrx_word' id='word_1_8' title='bbox 1274 591 1361 666; x_wconf 90' lang='lat' dir='ltr'>inest</span> <span class='ocrx_word' id='word_1_9' title='bbox 1379 592 1516 666; x_wconf 91' lang='lat' dir='ltr'>animo-</span> 
     </span>
     <span class='ocr_line' id='line_1_3' title="bbox 447 713 1511 811; baseline 0.001 -22"><span class='ocrx_word' id='word_1_10' title='bbox 447 739 523 789; x_wconf 78' lang='lat' dir='ltr'>rum</span> <span class='ocrx_word' id='word_1_11' title='bbox 540 722 574 789; x_wconf 88' lang='lat' dir='ltr'>et</span> <span class='ocrx_word' id='word_1_12' title='bbox 590 715 774 790; x_wconf 78' lang='lat' dir='ltr'>verborum</span> <span class='ocrx_word' id='word_1_13' title='bbox 801 713 897 811; x_wconf 86' lang='lat' dir='ltr'>quasi</span> <span class='ocrx_word' id='word_1_14' title='bbox 926 713 1075 789; x_wconf 82' lang='lat' dir='ltr'>fortuitae</span> <span class='ocrx_word' id='word_1_15' title='bbox 1102 717 1339 803; x_wconf 81' lang='lat' dir='ltr'>consensioni3</span> <span class='ocrx_word' id='word_1_16' title='bbox 1365 715 1457 792; x_wconf 88' lang='lat' dir='ltr'>idem</span> <span class='ocrx_word' id='word_1_17' title='bbox 1480 719 1511 791; x_wconf 93' lang='lat' dir='ltr'>iu</span> 
     </span>
     <span class='ocr_line' id='line_1_4' title="bbox 448 841 1508 937; baseline 0.003 -23"><span class='ocrx_word' id='word_1_18' title='bbox 448 851 565 914; x_wconf 89' lang='lat' dir='ltr'>mutua</span> <span class='ocrx_word' id='word_1_19' title='bbox 583 841 787 914; x_wconf 88' lang='lat' dir='ltr'>salutatione</span> <span class='ocrx_word' id='word_1_20' title='bbox 803 841 909 937; x_wconf 91' lang='lat' dir='ltr'>lepos,</span> <span class='ocrx_word' id='word_1_21' title='bbox 931 841 1051 916; x_wconf 88' lang='lat' dir='ltr'>eadem</span> <span class='ocrx_word' id='word_1_22' title='bbox 1074 841 1221 916; x_wconf 74' lang='lat' dir='ltr'><strong>brevitas</strong></span> <span class='ocrx_word' id='word_1_23' title='bbox 1236 866 1316 920; x_wconf 80' lang='lat' dir='ltr'>veie</span> <span class='ocrx_word' id='word_1_24' title='bbox 1328 845 1508 919; x_wconf 79' lang='lat' dir='ltr'>amatoria.</span> 
     </span>
     <span class='ocr_line' id='line_1_5' title="bbox 445 965 1509 1063; baseline 0.001 -23"><span class='ocrx_word' id='word_1_25' title='bbox 445 969 520 1041; x_wconf 92' lang='lat' dir='ltr'>Nou</span> <span class='ocrx_word' id='word_1_26' title='bbox 551 976 589 1040; x_wconf 91' lang='lat' dir='ltr'>ut</span> <span class='ocrx_word' id='word_1_27' title='bbox 623 965 715 1063; x_wconf 88' lang='lat' dir='ltr'>apud</span> <span class='ocrx_word' id='word_1_28' title='bbox 756 967 915 1039; x_wconf 87' lang='lat' dir='ltr'>Plautum</span> <span class='ocrx_word' id='word_1_29' title='bbox 947 966 1138 1042; x_wconf 70' lang='lat' dir='ltr'>istiusmodi</span> <span class='ocrx_word' id='word_1_30' title='bbox 1174 967 1356 1043; x_wconf 78' lang='lat' dir='ltr'>blanditias</span> <span class='ocrx_word' id='word_1_31' title='bbox 1388 969 1509 1044; x_wconf 90' lang='lat' dir='ltr'>audis:</span> 
     </span>
     <span class='ocr_line' id='line_1_6' title="bbox 454 1091 1514 1192; baseline 0.006 -30"><span class='ocrx_word' id='word_1_32' title='bbox 454 1094 516 1166; x_wconf 81' lang='grc' dir='ltr'>«Ο</span> <span class='ocrx_word' id='word_1_33' title='bbox 536 1091 601 1166; x_wconf 90' lang='lat' dir='ltr'>mel</span> <span class='ocrx_word' id='word_1_34' title='bbox 623 1114 755 1180; x_wconf 81' lang='lat' dir='ltr'>meum,</span> <span class='ocrx_word' id='word_1_35' title='bbox 773 1114 793 1165; x_wconf 93' lang='lat' dir='ltr'>o</span> <span class='ocrx_word' id='word_1_36' title='bbox 809 1114 886 1165; x_wconf 89' lang='lat' dir='ltr'>rosa</span> <span class='ocrx_word' id='word_1_37' title='bbox 906 1123 936 1180; x_wconf 78' lang='lat' dir='ltr'>n,</span> <span class='ocrx_word' id='word_1_38' title='bbox 959 1092 1016 1165; x_wconf 88' lang='lat' dir='ltr'>sed</span> <span class='ocrx_word' id='word_1_39' title='bbox 1039 1115 1150 1188; x_wconf 87' lang='lat' dir='ltr'>pauca</span> <span class='ocrx_word' id='word_1_40' title='bbox 1170 1094 1514 1192; x_wconf 82' lang='lat' dir='ltr'>ue1·bagestu‚voois</span> 
     </span>
     <span class='ocr_line' id='line_1_7' title="bbox 447 1216 1510 1318; baseline 0.001 -28"><span class='ocrx_word' id='word_1_41' title='bbox 447 1216 588 1308; x_wconf 85' lang='lat' dir='ltr'>inflexu,</span> <span class='ocrx_word' id='word_1_42' title='bbox 610 1238 651 1290; x_wconf 87' lang='lat' dir='ltr'>ao</span> <span class='ocrx_word' id='word_1_43' title='bbox 668 1217 780 1290; x_wconf 86' lang='lat' dir='ltr'>vultus</span> <span class='ocrx_word' id='word_1_44' title='bbox 797 1216 985 1292; x_wconf 84' lang='lat' dir='ltr'>intentione</span> <span class='ocrx_word' id='word_1_45' title='bbox 1000 1217 1164 1292; x_wconf 79' lang='lat' dir='ltr'>nitidiora</span> <span class='ocrx_word' id='word_1_46' title='bbox 1178 1217 1281 1307; x_wconf 84' lang='lat' dir='ltr'>laeta,</span> <span class='ocrx_word' id='word_1_47' title='bbox 1298 1229 1332 1294; x_wconf 88' lang='lat' dir='ltr'>et</span> <span class='ocrx_word' id='word_1_48' title='bbox 1349 1243 1510 1318; x_wconf 76' lang='lat' dir='ltr'>magnum</span> 
     </span>
     <span class='ocr_line' id='line_1_8' title="bbox 446 1339 1374 1440; baseline 0.001 -25"><span class='ocrx_word' id='word_1_49' title='bbox 446 1364 600 1416; x_wconf 82' lang='lat' dir='ltr'>amonem</span> <span class='ocrx_word' id='word_1_50' title='bbox 619 1339 849 1440; x_wconf 73' lang='lat' dir='ltr'>significantia</span> <span class='ocrx_word' id='word_1_51' title='bbox 864 1341 977 1438; x_wconf 91' lang='lat' dir='ltr'>potius</span> <span class='ocrx_word' id='word_1_52' title='bbox 992 1364 1096 1437; x_wconf 84' lang='lat' dir='ltr'>quam</span> <span class='ocrx_word' id='word_1_53' title='bbox 1112 1344 1351 1440; x_wconf 76' lang='lat' dir='ltr'>expromentia</span> <span class='ocrx_word' id='word_1_54' title='bbox 1366 1369 1374 1416; x_wconf 91' lang='lat'>:</span> 
     </span>
    </p>
   </div>
   <div class='ocr_carea' id='block_1_3' title="bbox 447 1547 1338 1621">
    <p class='ocr_par' dir='ltr' id='par_1_3' title="bbox 447 1547 1338 1621">
     <span class='ocr_line' id='line_1_9' title="bbox 447 1547 1338 1621; baseline 0.001 -17"><span class='ocrx_word' id='word_1_55' title='bbox 447 1549 571 1604; x_wconf 79' lang='lat' dir='ltr'>Bacenis</span> <span class='ocrx_word' id='word_1_56' title='bbox 587 1581 621 1589; x_wconf 92' lang='lat'>--</span> <span class='ocrx_word' id='word_1_57' title='bbox 637 1547 763 1613; x_wconf 81' lang='lat' dir='ltr'>Quisnam</span> <span class='ocrx_word' id='word_1_58' title='bbox 781 1547 826 1604; x_wconf 83' lang='lat' dir='ltr'>liic</span> <span class='ocrx_word' id='word_1_59' title='bbox 841 1547 1000 1604; x_wconf 82' lang='lat' dir='ltr'>adulescens</span> <span class='ocrx_word' id='word_1_60' title='bbox 1015 1555 1065 1617; x_wconf 89' lang='lat' dir='ltr'>est,</span> <span class='ocrx_word' id='word_1_61' title='bbox 1080 1548 1125 1621; x_wconf 86' lang='lat' dir='ltr'>qui</span> <span class='ocrx_word' id='word_1_62' title='bbox 1138 1548 1251 1606; x_wconf 86' lang='lat' dir='ltr'>intuitur</span> <span class='ocrx_word' id='word_1_63' title='bbox 1266 1551 1338 1605; x_wconf 83' lang='lat' dir='ltr'>nos‘?</span> 
     </span>
    </p>
   </div>
   <div class='ocr_carea' id='block_1_4' title="bbox 449 1654 1509 1817">
    <p class='ocr_par' dir='ltr' id='par_1_4' title="bbox 449 1654 1509 1817">
     <span class='ocr_line' id='line_1_10' title="bbox 825 1654 1509 1746; baseline -0.001 -36"><span class='ocrx_word' id='word_1_64' title='bbox 825 1733 832 1746; x_wconf 31' lang='lat'><strong>·</strong></span> <span class='ocrx_word' id='word_1_65' title='bbox 968 1657 1081 1710; x_wconf 78' lang='lat' dir='ltr'>dumuu.</span> <span class='ocrx_word' id='word_1_66' title='bbox 1099 1687 1133 1694; x_wconf 84' lang='grc'><strong>-</strong></span> <span class='ocrx_word' id='word_1_67' title='bbox 1147 1655 1197 1723; x_wconf 84' lang='lat' dir='ltr'>ltu,</span> <span class='ocrx_word' id='word_1_68' title='bbox 1214 1654 1302 1710; x_wconf 85' lang='lat' dir='ltr'>retine</span> <span class='ocrx_word' id='word_1_69' title='bbox 1317 1672 1372 1723; x_wconf 90' lang='lat' dir='ltr'>me,</span> <span class='ocrx_word' id='word_1_70' title='bbox 1388 1656 1509 1712; x_wconf 81' lang='lat' dir='ltr'>obsecro.</span> 
     </span>
     <span class='ocr_line' id='line_1_11' title="bbox 449 1743 889 1817; baseline 0.002 -18"><span class='ocrx_word' id='word_1_71' title='bbox 449 1744 510 1799; x_wconf 79' lang='lat' dir='ltr'>Bac.</span> <span class='ocrx_word' id='word_1_72' title='bbox 530 1775 564 1784; x_wconf 53' lang='lat'><strong><em>*</em></strong></span> <span class='ocrx_word' id='word_1_73' title='bbox 580 1743 693 1813; x_wconf 82' lang='lat' dir='ltr'><strong>Amabo,</strong></span> <span class='ocrx_word' id='word_1_74' title='bbox 710 1745 775 1817; x_wconf 93' lang='lat' dir='ltr'>quid</span> <span class='ocrx_word' id='word_1_75' title='bbox 791 1744 889 1801; x_wconf 83' lang='lat' dir='ltr'>tibist‘l</span> 
     </span>
    </p>
   </div>
   <div class='ocr_carea' id='block_1_5' title="bbox 765 1851 1240 1927">
    <p class='ocr_par' dir='ltr' id='par_1_5' title="bbox 765 1789 1639 2024">
     <span class='ocr_line' id='line_1_12' title="bbox 765 1851 1240 1927; baseline 0 -19"><span class='ocrx_word' id='word_1_76' title='bbox 765 1853 831 1908; x_wconf 78' lang='lat' dir='ltr'>dua.</span> <span class='ocrx_word' id='word_1_77' title='bbox 849 1885 884 1894; x_wconf 95' lang='lat'>—</span> <span class='ocrx_word' id='word_1_78' title='bbox 899 1851 1028 1925; x_wconf 79' lang='lat' dir='ltr'>Disperii,</span> <span class='ocrx_word' id='word_1_79' title='bbox 1044 1852 1114 1927; x_wconf 88' lang='lat' dir='ltr'>perii</span> <span class='ocrx_word' id='word_1_80' title='bbox 1129 1852 1240 1908; x_wconf 82' lang='lat' dir='ltr'>misera.</span> 
     </span>
    </p>
   </div>
   <div class='ocr_carea' id='block_1_6' title="bbox 446 1959 1441 2123">
    <p class='ocr_par' dir='ltr' id='par_1_6' title="bbox 446 1959 1640 2250">
     <span class='ocr_line' id='line_1_13' title="bbox 1114 1959 1441 2033; baseline 0.003 -19"><span class='ocrx_word' id='word_1_81' title='bbox 1114 1959 1179 2014; x_wconf 82' lang='lat' dir='ltr'>Bne.</span> <span class='ocrx_word' id='word_1_82' title='bbox 1194 1992 1228 1999; x_wconf 96' lang='lat'><em>-</em></span> <span class='ocrx_word' id='word_1_83' title='bbox 1242 1959 1312 2024; x_wconf 83' lang='lat' dir='ltr'>Quid</span> <span class='ocrx_word' id='word_1_84' title='bbox 1326 1961 1441 2033; x_wconf 79' lang='lat' dir='ltr'>stupes?</span> 
     </span>
     <span class='ocr_line' id='line_1_14' title="bbox 446 2049 766 2123; baseline -0.004 -18"><span class='ocrx_word' id='word_1_85' title='bbox 446 2049 550 2106; x_wconf 80' lang='lat' dir='ltr'>Caium.</span> <span class='ocrx_word' id='word_1_86' title='bbox 569 2082 603 2090; x_wconf 92' lang='lat'><em>-</em></span> <span class='ocrx_word' id='word_1_87' title='bbox 619 2049 766 2123; x_wconf 72' lang='lat' dir='ltr'>Antiphila.</span> 
     </span>
    </p>
   </div>
   <div class='ocr_carea' id='block_1_7' title="bbox 641 2155 1146 2213">
    <p class='ocr_par' dir='ltr' id='par_1_7' title="bbox 641 2155 1146 2213">
     <span class='ocr_line' id='line_1_15' title="bbox 641 2155 1146 2213; baseline -0.004 -1"><span class='ocrx_word' id='word_1_88' title='bbox 641 2159 706 2213; x_wconf 84' lang='lat' dir='ltr'>Aua.</span> <span class='ocrx_word' id='word_1_89' title='bbox 724 2156 876 2213; x_wconf 81' lang='lat' dir='ltr'>—Videon</span> <span class='ocrx_word' id='word_1_90' title='bbox 893 2155 1006 2213; x_wconf 82' lang='lat' dir='ltr'>Cliniam</span> <span class='ocrx_word' id='word_1_91' title='bbox 1022 2173 1056 2211; x_wconf 89' lang='lat' dir='ltr'>au</span> <span class='ocrx_word' id='word_1_92' title='bbox 1072 2157 1146 2210; x_wconf 82' lang='lat' dir='ltr'>nott‘l</span> 
     </span>
    </p>
   </div>
   <div class='ocr_carea' id='block_1_8' title="bbox 447 2262 1353 2422">
    <p class='ocr_par' dir='ltr' id='par_1_8' title="bbox 447 2262 1641 2510">
     <span class='ocr_line' id='line_1_16' title="bbox 1037 2262 1353 2328; baseline 0.003 -9"><span class='ocrx_word' id='word_1_93' title='bbox 1037 2262 1083 2319; x_wconf 81' lang='lat' dir='ltr'>Ba.</span> <span class='ocrx_word' id='word_1_94' title='bbox 1101 2295 1136 2302; x_wconf 92' lang='lat'>-</span> <span class='ocrx_word' id='word_1_95' title='bbox 1152 2263 1237 2328; x_wconf 80' lang='lat' dir='ltr'>Quem</span> <span class='ocrx_word' id='word_1_96' title='bbox 1251 2263 1353 2320; x_wconf 79' lang='lat' dir='ltr'>vides?</span> 
     </span>
     <span class='ocr_line' id='line_1_17' title="bbox 447 2352 810 2422; baseline -0.008 -12"><span class='ocrx_word' id='word_1_97' title='bbox 447 2352 810 2422; x_wconf 59' lang='lat' dir='ltr'>Q-fflmmmm</span> 
     </span>
    </p>
   </div>
   <div class='ocr_carea' id='block_1_9' title="bbox 694 2458 1115 2528">
    <p class='ocr_par' dir='ltr' id='par_1_9' title="bbox 694 2458 1115 2528">
     <span class='ocr_line' id='line_1_18' title="bbox 694 2458 1115 2528; baseline -0.005 -12"><span class='ocrx_word' id='word_1_98' title='bbox 694 2460 760 2516; x_wconf 83' lang='lat' dir='ltr'>dua.</span> <span class='ocrx_word' id='word_1_99' title='bbox 781 2491 813 2498; x_wconf 90' lang='lat'><em>-</em></span> <span class='ocrx_word' id='word_1_100' title='bbox 828 2459 849 2516; x_wconf 90' lang='grc' dir='ltr'><strong>Ο</strong></span> <span class='ocrx_word' id='word_1_101' title='bbox 864 2459 901 2514; x_wconf 92' lang='lat' dir='ltr'>mi</span> <span class='ocrx_word' id='word_1_102' title='bbox 918 2459 1015 2528; x_wconf 84' lang='lat' dir='ltr'>Clinia,</span> <span class='ocrx_word' id='word_1_103' title='bbox 1031 2458 1115 2516; x_wconf 89' lang='lat' dir='ltr'>salve.</span> 
     </span>
    </p>
   </div>
   <div class='ocr_carea' id='block_1_10' title="bbox 446 2575 1635 2757">
    <p class='ocr_par' dir='ltr' id='par_1_10' title="bbox 446 2575 1642 2757">
     <span class='ocr_line' id='line_1_19' title="bbox 947 2575 1263 2633; baseline -0.003 0"><span class='ocrx_word' id='word_1_104' title='bbox 947 2577 1052 2633; x_wconf 81' lang='lat' dir='ltr'>Catum.</span> <span class='ocrx_word' id='word_1_105' title='bbox 1069 2607 1103 2616; x_wconf 90' lang='lat'><em>-</em></span> <span class='ocrx_word' id='word_1_106' title='bbox 1119 2575 1152 2632; x_wconf 89' lang='lat' dir='ltr'>Ut</span> <span class='ocrx_word' id='word_1_107' title='bbox 1168 2575 1263 2632; x_wconf 77' lang='lat' dir='ltr'>vales?</span> 
     </span>
     <span class='ocr_line' id='line_1_20' title="bbox 446 2663 1635 2757; baseline -0.002 -17"><span class='ocrx_word' id='word_1_108' title='bbox 446 2685 562 2740; x_wconf 78' lang='lat' dir='ltr'>alumen.</span> <span class='ocrx_word' id='word_1_109' title='bbox 579 2715 614 2724; x_wconf 93' lang='lat'><em>-</em></span> <span class='ocrx_word' id='word_1_110' title='bbox 628 2683 735 2739; x_wconf 89' lang='lat' dir='ltr'>Salvom</span> <span class='ocrx_word' id='word_1_111' title='bbox 751 2683 854 2740; x_wconf 86' lang='lat' dir='ltr'>venisse</span> <span class='ocrx_word' id='word_1_112' title='bbox 869 2682 986 2757; x_wconf 81' lang='lat' dir='ltr'>gaudeo.</span> <span class='ocrx_word' id='word_1_113' title='bbox 1629 2663 1635 2684; x_wconf 67' lang='lat'>⁸</span> 
     </span>
    </p>
   </div>
   <div class='ocr_carea' id='block_1_11' title="bbox 516 2791 1239 2956">
    <p class='ocr_par' dir='ltr' id='par_1_11' title="bbox 516 2791 1239 2956">
     <span class='ocr_line' id='line_1_21' title="bbox 889 2791 1176 2859; baseline -0.007 -11"><span class='ocrx_word' id='word_1_114' title='bbox 889 2792 934 2848; x_wconf 81' lang='lat' dir='ltr'>CL.</span> <span class='ocrx_word' id='word_1_115' title='bbox 949 2823 985 2831; x_wconf 85' lang='lat'>—-</span> <span class='ocrx_word' id='word_1_116' title='bbox 999 2791 1125 2847; x_wconf 83' lang='lat' dir='ltr'>Teneone</span> <span class='ocrx_word' id='word_1_117' title='bbox 1140 2800 1176 2859; x_wconf 87' lang='lat' dir='ltr'>te,</span> 
     </span>
     <span class='ocr_line' id='line_1_22' title="bbox 516 2866 1239 2956; baseline -0.004 -19"><span class='ocrx_word' id='word_1_118' title='bbox 516 2880 664 2955; x_wconf 75' lang='lat' dir='ltr'>Antiphila,</span> <span class='ocrx_word' id='word_1_119' title='bbox 682 2897 807 2937; x_wconf 86' lang='lat' dir='ltr'>maxume</span> <span class='ocrx_word' id='word_1_120' title='bbox 823 2866 914 2938; x_wconf 82' lang='lat' dir='ltr'>animo</span> <span class='ocrx_word' id='word_1_121' title='bbox 928 2889 1084 2956; x_wconf 73' lang='lat' dir='ltr'>exoptatam</span> <span class='ocrx_word' id='word_1_122' title='bbox 1099 2895 1160 2936; x_wconf 91' lang='lat' dir='ltr'>meo</span> <span class='ocrx_word' id='word_1_123' title='bbox 1175 2881 1239 2952; x_wconf 63' lang='grc' dir='ltr'>(Μ</span> 
     </span>
    </p>
   </div>
   <div class='ocr_carea' id='block_1_12' title="bbox 445 3049 1508 3532">
    <p class='ocr_par' dir='ltr' id='par_1_12' title="bbox 445 3049 1508 3532">
     <span class='ocr_line' id='line_1_23' title="bbox 495 3049 1508 3151; baseline -0.004 -25"><span class='ocrx_word' id='word_1_124' title='bbox 495 3052 673 3151; x_wconf 77' lang='lat' dir='ltr'>Antiphila</span> <span class='ocrx_word' id='word_1_125' title='bbox 700 3054 772 3129; x_wconf 84' lang='lat' dir='ltr'>eive</span> <span class='ocrx_word' id='word_1_126' title='bbox 790 3053 919 3151; x_wconf 79' lang='lat' dir='ltr'>agnita,</span> <span class='ocrx_word' id='word_1_127' title='bbox 948 3063 982 3128; x_wconf 92' lang='lat' dir='ltr'>et</span> <span class='ocrx_word' id='word_1_128' title='bbox 1002 3051 1208 3128; x_wconf 86' lang='lat' dir='ltr'>Menedemo</span> <span class='ocrx_word' id='word_1_129' title='bbox 1228 3051 1368 3126; x_wconf 87' lang='lat' dir='ltr'>landem</span> <span class='ocrx_word' id='word_1_130' title='bbox 1385 3049 1508 3150; x_wconf 90' lang='lat' dir='ltr'>nuptiis</span> 
     </span>
     <span class='ocr_line' id='line_1_24' title="bbox 445 3175 1508 3276; baseline -0.003 -24"><span class='ocrx_word' id='word_1_131' title='bbox 445 3179 663 3263; x_wconf 89' lang='lat' dir='ltr'>assentiente,</span> <span class='ocrx_word' id='word_1_132' title='bbox 693 3178 768 3254; x_wconf 88' lang='lat' dir='ltr'>vide</span> <span class='ocrx_word' id='word_1_133' title='bbox 791 3188 827 3253; x_wconf 91' lang='lat' dir='ltr'>ut</span> <span class='ocrx_word' id='word_1_134' title='bbox 849 3178 968 3254; x_wconf 88' lang='lat' dir='ltr'>Cliniae</span> <span class='ocrx_word' id='word_1_135' title='bbox 992 3178 1174 3275; x_wconf 81' lang='lat' dir='ltr'>gaudium,</span> <span class='ocrx_word' id='word_1_136' title='bbox 1196 3177 1355 3276; x_wconf 86' lang='lat' dir='ltr'>quamvis</span> <span class='ocrx_word' id='word_1_137' title='bbox 1379 3175 1508 3250; x_wconf 92' lang='lat' dir='ltr'>immo-</span> 
     </span>
     <span class='ocr_line' id='line_1_25' title="bbox 446 3303 1505 3403; baseline -0.006 -23"><span class='ocrx_word' id='word_1_138' title='bbox 446 3305 576 3397; x_wconf 82' lang='lat' dir='ltr'>diuum,</span> <span class='ocrx_word' id='word_1_139' title='bbox 595 3305 638 3380; x_wconf 89' lang='lat' dir='ltr'>ab</span> <span class='ocrx_word' id='word_1_140' title='bbox 652 3306 785 3380; x_wconf 90' lang='lat' dir='ltr'>insania</span> <span class='ocrx_word' id='word_1_141' title='bbox 798 3307 909 3392; x_wconf 86' lang='lat' dir='ltr'>distet,</span> <span class='ocrx_word' id='word_1_142' title='bbox 930 3306 1034 3380; x_wconf 88' lang='lat' dir='ltr'>uthio</span> <span class='ocrx_word' id='word_1_143' title='bbox 1048 3304 1190 3403; x_wconf 86' lang='lat' dir='ltr'>desipiat</span> <span class='ocrx_word' id='word_1_144' title='bbox 1203 3303 1407 3395; x_wconf 85' lang='lat' dir='ltr'>amabiliteu,</span> <span class='ocrx_word' id='word_1_145' title='bbox 1427 3305 1505 3378; x_wconf 92' lang='lat' dir='ltr'>dum</span> 
     </span>
     <span class='ocr_line' id='line_1_26' title="bbox 447 3429 1505 3532; baseline -0.003 -27"><span class='ocrx_word' id='word_1_146' title='bbox 447 3429 1505 3532; x_wconf 72' lang='lat' dir='ltr'>Syrumalianam’antemminimeaudit‚seoumipseloquitur,</span> 
     </span>
    </p>
   </div>
   <div class='ocr_carea' id='block_1_13' title="bbox 376 3540 1505 3779">
    <p class='ocr_par' dir='ltr' id='par_1_13' title="bbox 376 3540 1505 3779">
     <span class='ocr_line' id='line_1_27' title="bbox 447 3540 1505 3653; baseline -0.005 -23"><span class='ocrx_word' id='word_1_147' title='bbox 447 3556 636 3643; x_wconf 74' lang='lat' dir='ltr'>etaetatis</span> <span class='ocrx_word' id='word_1_148' title='bbox 667 3557 772 3632; x_wconf 84' lang='lat' dir='ltr'>rebus</span> <span class='ocrx_word' id='word_1_149' title='bbox 796 3556 943 3646; x_wconf 84' lang='lat' dir='ltr'>omissis,</span> <span class='ocrx_word' id='word_1_150' title='bbox 974 3580 1070 3631; x_wconf 93' lang='lat' dir='ltr'>suam</span> <span class='ocrx_word' id='word_1_151' title='bbox 1098 3555 1274 3630; x_wconf 84' lang='lat' dir='ltr'>fortunam</span> <span class='ocrx_word' id='word_1_152' title='bbox 1303 3540 1505 3653; x_wconf 84' lang='lat' dir='ltr'>insperatam</span> 
     </span>
     <span class='ocr_line' id='line_1_28' title="bbox 376 3681 692 3779; baseline -0.003 -24"><span class='ocrx_word' id='word_1_153' title='bbox 376 3694 380 3702; x_wconf 86' lang='grc'><strong>“</strong></span> <span class='ocrx_word' id='word_1_154' title='bbox 447 3681 692 3779; x_wconf 86' lang='lat' dir='ltr'>unioejaetat:</span> 
     </span>
    </p>
   </div>
   <div class='ocr_carea' id='block_1_14' title="bbox 518 3865 1468 4117">
    <p class='ocr_par' dir='ltr' id='par_1_14' title="bbox 518 3865 1468 4117">
     <span class='ocr_line' id='line_1_29' title="bbox 608 3865 1468 3939; baseline -0.005 -16"><span class='ocrx_word' id='word_1_155' title='bbox 608 3867 730 3924; x_wconf 87' lang='lat' dir='ltr'>Sunus...</span> <span class='ocrx_word' id='word_1_156' title='bbox 748 3899 782 3908; x_wconf 92' lang='lat'>-</span> <span class='ocrx_word' id='word_1_157' title='bbox 799 3867 852 3923; x_wconf 91' lang='lat' dir='ltr'>Sed</span> <span class='ocrx_word' id='word_1_158' title='bbox 871 3885 953 3935; x_wconf 89' lang='lat' dir='ltr'>nunu,</span> <span class='ocrx_word' id='word_1_159' title='bbox 970 3867 1066 3935; x_wconf 85' lang='lat' dir='ltr'>Clinia,</span> <span class='ocrx_word' id='word_1_160' title='bbox 1083 3883 1144 3939; x_wconf 84' lang='lat' dir='ltr'>age,</span> <span class='ocrx_word' id='word_1_161' title='bbox 1159 3866 1193 3922; x_wconf 91' lang='lat' dir='ltr'>da</span> <span class='ocrx_word' id='word_1_162' title='bbox 1208 3873 1233 3921; x_wconf 88' lang='lat' dir='ltr'>te</span> <span class='ocrx_word' id='word_1_163' title='bbox 1249 3865 1316 3921; x_wconf 84' lang='lat' dir='ltr'>mini</span> <span class='ocrx_word' id='word_1_164' title='bbox 1330 3865 1468 3922; x_wconf 89' lang='lat' dir='ltr'>vicissim:</span> 
     </span>
     <span class='ocr_line' id='line_1_30' title="bbox 519 3955 1381 4030; baseline -0.002 -19"><span class='ocrx_word' id='word_1_165' title='bbox 519 3956 585 4011; x_wconf 86' lang='lat' dir='ltr'>Nam</span> <span class='ocrx_word' id='word_1_166' title='bbox 600 3955 680 4012; x_wconf 87' lang='lat' dir='ltr'>amini</span> <span class='ocrx_word' id='word_1_167' title='bbox 692 3973 801 4030; x_wconf 86' lang='lat' dir='ltr'>quoque</span> <span class='ocrx_word' id='word_1_168' title='bbox 816 3974 861 4013; x_wconf 84' lang='lat' dir='ltr'>res</span> <span class='ocrx_word' id='word_1_169' title='bbox 875 3965 916 4013; x_wconf 92' lang='lat' dir='ltr'>est</span> <span class='ocrx_word' id='word_1_170' title='bbox 928 3955 1042 4013; x_wconf 88' lang='lat' dir='ltr'>videnda</span> <span class='ocrx_word' id='word_1_171' title='bbox 1056 3956 1083 4012; x_wconf 94' lang='lat' dir='ltr'>in</span> <span class='ocrx_word' id='word_1_172' title='bbox 1098 3965 1157 4014; x_wconf 88' lang='lat' dir='ltr'>tuto</span> <span class='ocrx_word' id='word_1_173' title='bbox 1172 3964 1202 4013; x_wconf 92' lang='lat' dir='ltr'>ut</span> <span class='ocrx_word' id='word_1_174' title='bbox 1214 3955 1381 4023; x_wconf 80' lang='lat' dir='ltr'>conlocetur,</span> 
     </span>
     <span class='ocr_line' id='line_1_31' title="bbox 518 4044 1002 4117; baseline 0.006 -18"><span class='ocrx_word' id='word_1_175' title='bbox 518 4045 555 4100; x_wconf 85' lang='lat' dir='ltr'>Ne</span> <span class='ocrx_word' id='word_1_176' title='bbox 571 4045 637 4117; x_wconf 90' lang='lat' dir='ltr'>quid</span> <span class='ocrx_word' id='word_1_177' title='bbox 652 4044 686 4100; x_wconf 88' lang='lat' dir='ltr'>de</span> <span class='ocrx_word' id='word_1_178' title='bbox 702 4046 787 4101; x_wconf 89' lang='lat' dir='ltr'>amica</span> <span class='ocrx_word' id='word_1_179' title='bbox 802 4063 873 4101; x_wconf 90' lang='lat' dir='ltr'>nune</span> <span class='ocrx_word' id='word_1_180' title='bbox 888 4063 1002 4102; x_wconf 85' lang='lat' dir='ltr'>senex...</span> 
     </span>
    </p>
   </div>
   <div class='ocr_carea' id='block_1_15' title="bbox 480 4246 715 4311">
    <p class='ocr_par' dir='ltr' id='par_1_15' title="bbox 480 4246 715 4311">
     <span class='ocr_line' id='line_1_32' title="bbox 480 4246 715 4311; baseline -0.009 -15"><span class='ocrx_word' id='word_1_181' title='bbox 480 4247 513 4311; x_wconf 78' lang='lat' dir='ltr'>(l)</span> <span class='ocrx_word' id='word_1_182' title='bbox 531 4247 629 4307; x_wconf 77' lang='lat' dir='ltr'>lieent,</span> <span class='ocrx_word' id='word_1_183' title='bbox 649 4247 676 4306; x_wconf 85' lang='lat' dir='ltr'>tl,</span> <span class='ocrx_word' id='word_1_184' title='bbox 693 4246 715 4295; x_wconf 80' lang='lat' dir='ltr'>l.</span> 
     </span>
    </p>
   </div>
   <div class='ocr_carea' id='block_1_16' title="bbox 0 0 1704 5252">
    <p class='ocr_par' dir='ltr' id='par_1_16' title="bbox 0 0 1704 5252">
     <span class='ocr_line' id='line_1_33' title="bbox 0 0 1704 5252; baseline 0 0"><span class='ocrx_word' id='word_1_185' title='bbox 0 0 1704 5252; x_wconf 95' lang='lat' dir='ltr'> </span> 
     </span>
    </p>
   </div>
  </div>
 </body>
</html>
