3330 5258
587 409 746 472 ...Ἡ-

133 545 315 634 illiberale,
344 546 518 643 petulans,
546 545 772 645 flagitiosum,
810 550 1017 641 obscenum;
1053 553 1200 630 alterum

134 672 290 768 elegans,
332 670 523 761 urbanum,
558 671 794 770 ingeniosum,
826 673 976 751 facetum
993 678 1042 775 (l)
1060 708 1096 767 s,
1118 701 1202 755 saue

135 795 292 872 crederes
322 795 357 868 in
388 796 529 886 Plauto,
556 819 662 894 quem
689 800 838 897 exempli
867 801 977 898 gratia
1011 821 1199 899 memorat,

138 921 281 995 alterum
296 943 404 1019 genus
417 919 574 1012 laudare,
600 922 748 998 alterum
769 915 1037 1021 reprehendere.
1060 927 1201 1004 Minime

139 1045 291 1143 quidem.
311 1046 427 1120 Unum
444 1055 575 1138 autem,
594 1071 719 1145 nempe
734 1049 869 1139 melius,
892 1051 1014 1126 Plauto
1031 1053 1200 1137 attribuit,

139 1179 172 1246 et
196 1171 407 1246 Sarsinatem
436 1179 572 1268 poetam
598 1173 720 1248 eadem
743 1175 843 1250 venia
865 1175 972 1251 donat
990 1200 1060 1274 qua
1080 1179 1204 1252 veteris

139 1320 260 1394 graecae
274 1295 455 1372 eomoediae
468 1297 662 1396 scriptores.
686 1299 775 1387 Quid
791 1304 897 1375 vorot
922 1301 1105 1398 scriptores
1120 1323 1204 1377 eos-

140 1421 231 1513 dem,
262 1444 351 1520 quos
375 1423 517 1496 Plautus
543 1423 577 1498 iu
604 1423 671 1498 boc
708 1423 861 1522 prolecto
892 1426 1100 1518 aemulator,
1131 1429 1204 1527 ipsc

140 1548 366 1635 Quintilianus
381 1546 563 1622 confirmat
590 1549 644 1624 vel
663 1549 698 1621 in
720 1548 832 1624 verbis
855 1571 979 1647 parum
1002 1549 1206 1627 verecundis

140 1696 228 1771 saepe
246 1674 379 1748 landari
397 1675 460 1771 (2).
478 1673 577 1748 Unde
592 1674 762 1771 conjicere
777 1675 857 1748 licet
869 1676 1019 1750 Plautini
1038 1676 1207 1751 sermonis

140 1799 377 1898 petulantiam,
397 1801 545 1896 antiqnae
559 1799 739 1874 comoediae
758 1799 956 1897 propiorem
973 1823 1079 1898 quam
1091 1824 1203 1890 novae,

142 1949 240 2022 paene
254 1925 422 2000 universis
437 1925 687 2022 spectatoribus
703 1933 837 2024 gratam
855 1926 1055 2001 occurrisse.
1086 1951 1088 1957 ·

189 2051 264 2124 Alia
278 2057 458 2139 causaest,
471 2059 505 2126 et
524 2073 565 2124 ea
577 2050 718 2147 quidem
731 2049 951 2143 laudabilior,
965 2074 1035 2149 qua
1048 2052 1207 2127 Plautum

142 2177 184 2252 ad
211 2199 348 2252 amores
371 2184 551 2273 corruptos
576 2175 795 2274 effingendos
829 2176 1017 2274 impulsum
1035 2200 1108 2253 esse
1129 2201 1207 2254 cre-

143 2302 301 2378 diderim.
335 2302 513 2399 Ingenium
543 2303 636 2400 ejus,
681 2302 836 2400 quamvis
863 2301 951 2376 adeo
976 2302 1124 2378 tlexibile
1163 2305 1206 2378 sit

144 2435 181 2501 ut
200 2426 342 2502 allectus
363 2426 415 2500 vel
434 2426 650 2500 suavissimos
675 2426 819 2502 reddere
839 2435 958 2524 queat,
976 2427 1024 2501 ita
1038 2435 1153 2503 tamen
1172 2428 1208 2502 in

143 2552 262 2651 primis
275 2553 486 2627 concitatum
505 2560 538 2627 et
559 2553 756 2627 aculeatum
773 2560 898 2627 natura
911 2552 1068 2652 genitum
1086 2562 1149 2645 est,
1172 2563 1210 2629 ut

144 2678 187 2752 ad
201 2679 343 2752 satiram
356 2679 535 2768 inclinare,
552 2685 587 2751 et
599 2678 634 2750 iu
649 2678 739 2751 vitiis
750 2701 861 2775 quum
879 2677 1115 2776 inspiciendis,
1133 2688 1209 2756 tum

144 2804 316 2889 notandis,
341 2803 528 2901 plurimum
552 2804 666 2877 valere
695 2802 780 2875 mibi
807 2801 980 2877 videatur.
999 2803 1082 2878 lnde
1108 2803 1147 2879 bt
1172 2813 1210 2879 ut

144 2931 308 3029 pessimas
320 2951 498 3027 personas,
518 2929 685 3026 parasitos
706 2951 832 3025 nempe
849 2927 1082 3019 edacissimos,
1101 2953 1212 3006 ntere-

145 3056 246 3132 trices
268 3055 513 3152 impurissimos
540 3063 573 3129 et
595 3054 752 3150 pecuniae
774 3053 999 3146 avidimimas,
1027 3077 1142 3130 servos
1176 3057 1210 3130 in

147 3181 242 3257 omni
279 3180 411 3280 ssagitio
443 3181 646 3256 exercitatos
676 3179 837 3254 libentius
872 3178 1034 3269 inducat,
1064 3203 1210 3278 quarum

146 3306 396 3404 turpitudinem
421 3314 593 3380 ostentare
625 3305 726 3378 simul
753 3313 788 3379 at
819 3326 961 3401 carpere
993 3306 1107 3404 gestit.
1140 3308 1212 3383 Nec
1269 3313 1272 3322 “

83 3434 86 3440 ’
147 3441 281 3508 tantum
300 3432 334 3505 in
352 3433 414 3507 isto
438 3453 663 3528 personarum
686 3441 827 3530 genere,
854 3430 912 3504 sed
934 3438 969 3504 et
991 3429 1027 3503 in
1055 3430 1215 3527 ingenuis

148 3558 229 3633 vitia
255 3558 470 3655 potissimum
495 3557 646 3652 attingit.
672 3557 860 3646 Matrouas,
889 3556 917 3629 si
942 3578 1068 3652 paucas
1086 3558 1215 3654 excipis

148 3681 235 3754 mira
265 3688 440 3755 venustate
473 3690 611 3755 ornatas
627 3680 693 3778 (3),
724 3679 844 3753 durius
873 3687 1007 3769 tractat,
1040 3689 1075 3755 et
1102 3681 1137 3754 in
1166 3681 1215 3756 eis

151 3806 248 3897 nihil,
266 3816 392 3903 praeter
413 3806 631 3903 pudicitiam,
657 3806 800 3879 illaesum
824 3805 1007 3902 relinquit,
1032 3828 1096 3881 nec
1124 3807 1217 3880 enim

182 4047 216 4112 (t)
233 4048 268 4098 lle
283 4047 382 4113 officiis,
398 4049 417 4109 l,
433 4047 472 4098 29.

184 4126 216 4192 (ἓ)
235 4128 363 4179 Institutio
378 4129 497 4188 oratoria,
514 4131 543 4188 ll,
559 4130 582 4178 l.

183 4207 216 4273 (3)
233 4210 293 4259 Vide
305 4211 413 4271 Bennist,
428 4210 464 4261 Dc
474 4210 588 4276 personis
601 4210 763 4263 muliebribus
777 4212 844 4278 apud
858 4211 989 4264 Plautum.
1004 4212 1130 4276 Hostilio,
1146 4210 1218 4264 1861.
