3330 5258
872 474 1030 536 „54-

759 608 822 664 Bac.
837 608 967 681 -lllcctc
982 609 1091 679 amasti,
1104 610 1256 684 Pamphile,
1268 625 1379 668 uxorem
1390 618 1479 667 tuam:

491 699 558 755 Nam
573 715 722 772 numquam
736 705 798 754 ante
813 698 885 754 hunc
905 699 978 756 diem
997 700 1066 756 meis
1082 701 1168 758 oculis
1186 718 1256 772 cam,
1275 703 1348 776 quod
1364 719 1482 770 nossem,
1506 727 1513 736 ·

1327 791 1456 863 [videram
1475 811 1481 848 :

492 880 665 936 Perliberalis
674 879 766 936 visast.

622 1007 708 1064 Punic.
723 1040 758 1048 -
772 1007 818 1064 bic
830 1023 934 1064 vemm.

812 1133 875 1190 Bac.
893 1167 928 1174 —
943 1134 982 1191 lta
995 1151 1039 1190 me
1052 1134 1078 1190 di
1092 1144 1193 1205 ament,
1208 1135 1371 1209 Pamphile(
1392 1143 1411 1206 l.

472 1371 762 1445 Laudemabono
771 1370 1222 1469 jndicedatamPcmphilos
1235 1370 1380 1447 libenter
1392 1371 1484 1446 acci-

422 1497 486 1593 pit,
505 1519 569 1570 neo
584 1503 659 1595 jam
680 1497 746 1570 alia
765 1496 1001 1571 blandimenta
1018 1497 1160 1594 cupiens
1183 1497 1248 1573 hoc
1266 1498 1480 1572 solummodo

423 1631 521 1695 conat
535 1630 573 1695 ut
589 1644 676 1712 nem,
693 1623 777 1696 nulli
799 1623 862 1696 nisi
880 1623 944 1696 sibi
964 1632 997 1697 et
1023 1624 1136 1696 socrui
1159 1647 1228 1697 suec
1249 1624 1479 1717 commissam,
1540 1661 1545 1672 ·

423 1748 564 1823 omnino
575 1748 730 1824 reticeat.
746 1749 908 1837 Quamvis
919 1750 1011 1823 cuim
1025 1751 1123 1846 pueri
1137 1750 1204 1824 nati
1220 1773 1255 1825 sc
1267 1759 1399 1847 patrem
1416 1773 1487 1825 esse

425 1877 550 1974 certior
577 1875 686 1953 lactus
704 1877 760 1968 sit,
779 1885 814 1952 et
846 1877 961 1951 uxoris
980 1875 1081 1953 lamae
1100 1885 1135 1952 ct
1153 1873 1392 1954 existimationi
1417 1901 1486 1955 succ

425 2003 626 2093 consulem,
644 2003 818 2100 preterita
832 2006 921 2082 lacta
941 2003 1075 2082 silentio
1094 2005 1281 2103 operienda
1303 2029 1378 2081 csse
1388 2005 1487 2104 judi-

424 2141 492 2222 cat,
515 2141 549 2207 et
572 2143 820 2230 praematunum
846 2157 886 2209 ex
911 2134 1093 2208 inhonesta
1118 2134 1151 2206 vi
1185 2143 1320 2232 partum
1345 2134 1487 2210 honesta

425 2264 635 2339 matrimonii
670 2264 783 2362 specie
817 2265 1062 2362 obtegendum.
1094 2265 1191 2340 Hunc
1216 2264 1345 2340 exitum
1368 2263 1488 2339 habuit

425 2390 593 2488 Pamphili
627 2389 746 2478 libido,
786 2389 984 2464 brevissima
1020 2389 1179 2488 quidem,
1217 2399 1251 2465 ct
1287 2389 1484 2481 nitatibus,

425 2539 509 2612 quas
532 2515 624 2590 idem
642 2515 785 2589 mantus
810 2515 977 2605 exhibuit,
1004 2516 1178 2591 cumulate
1196 2515 1386 2614 redempta.

475 2641 574 2715 Tales
588 2648 668 2714 sunt
682 2639 914 2716 adolescentes
928 2641 986 2738 qui
1007 2641 1158 2715 niaxima
1173 2641 1264 2736 apud
1287 2642 1485 2717 Terentium

426 2766 563 2840 licentia
573 2767 784 2854 abutuntur3
803 2766 1060 2872 apessimornm
1075 2765 1251 2840 amoribus
1265 2766 1356 2840 disce
1371 2766 1489 2864 quales

427 2891 494 2965 sint
516 2891 707 2966 ceterorum
735 2913 882 2966 amores,
903 2891 1035 2979 Quibus
1054 2891 1194 2988 quidem
1221 2891 1309 2965 mira
1330 2897 1490 2966 venustas

428 3019 526 3106 inest,
567 3027 601 3090 et
625 3017 675 3104 ei,
705 3017 763 3114 qni
803 3025 939 3091 tantum
969 3017 1129 3091 Plautum
1167 3017 1308 3105 evolvit,
1339 3017 1489 3092 suavitas

428 3141 604 3227 inandita3
622 3141 705 3216 nihil
720 3143 813 3217 enim
827 3145 901 3242 jam
919 3142 1154 3218 meretricium
1177 3142 1344 3232 redolent,
1363 3151 1396 3216 et
1410 3165 1488 3216 eain

427 3267 690 3343 delectationem
705 3267 834 3344 hebent
852 3292 929 3366 qnae
949 3269 1058 3368 magis
1074 3269 1191 3343 animo
1212 3291 1316 3366 qoam
1333 3267 1490 3343 sensibus

346 3445 352 3458 .
427 3391 648 3488 percipiatur.
666 3395 751 3482 Quae
767 3405 879 3468 movet
894 3394 956 3468 hos
967 3394 1074 3469 bonos
1088 3394 1319 3469 adolescentes
1336 3393 1491 3491 pulchri-

430 3516 524 3603 tudo,
548 3541 613 3592 non
632 3518 822 3608 munditiis,
840 3518 919 3593 fuco
938 3518 1108 3593 electoris
1130 3519 1305 3592 lenociniis
1330 3539 1365 3594 se
1387 3540 1489 3592 oom-

430 3641 582 3731 mendat‚
606 3643 664 3718 sed
686 3645 914 3741 simplicitate,
941 3652 1089 3743 egestate
1116 3651 1220 3741 atque
1242 3643 1346 3718 etiam
1371 3642 1492 3719 dolore

427 3776 461 3842 ct
476 3768 648 3858 lacrimis3
663 3768 830 3866 ejusmodi
849 3768 1015 3844 illecebris
1030 3770 1132 3842 semel
1143 3768 1222 3842 tacti
1233 3768 1266 3840 in
1284 3777 1490 3866 perpet-uum

428 3903 600 3966 tenentur.

475 4021 565 4092 Dum
595 4019 743 4116 Antipho
765 4019 798 4092 in
821 4020 1032 4094 Phormione
1047 4042 1126 4095 eum
1145 4019 1317 4111 Phaedria,
1335 4019 1491 4116 patruele

459 4296 491 4360 n)
510 4297 576 4353 lua,
593 4298 618 4355 n,
634 4295 657 4344 i.
