3330 5258
888 454 1047 516 ..15-

435 575 577 696 inienit,
598 588 738 664 inventa
753 588 885 684 perficit
898 597 933 664 at
954 587 997 663 ad
1017 587 1148 663 honum
1168 589 1299 663 exitum
1322 589 1497 685 perducit,

433 714 592 788 Calidoro
627 713 712 787 nihil
745 713 838 788 alind
869 736 976 810 quarn
1015 713 1226 810 percipiente
1260 712 1411 788 fructum
1448 715 1499 788 rei

431 839 608 915 consecto.
628 839 688 913 Sui
703 837 764 911 {ilii
780 838 962 912 audaciam
987 838 1076 912 ultra
1101 839 1255 926 modum,
1281 847 1319 912 ut
1346 836 1495 928 videtur,

432 965 528 1040 Simo
540 964 675 1057 metuit,
689 964 755 1039 hoc
765 962 936 1062 judicium
952 963 994 1039 de
1007 986 1048 1038 eo
1061 962 1175 1038 ferens
1190 990 1197 1036 :

571 1177 599 1233 Si
613 1177 646 1232 de
662 1176 799 1233 damnosis
814 1183 861 1233 aut
874 1178 908 1233 de
924 1177 1090 1234 amatoribus

571 1265 693 1322 Dictator
704 1266 751 1322 fiat
763 1282 835 1321 nunc
846 1265 958 1322 Athenis
970 1266 1076 1338 Atticis,

571 1355 655 1412 Nemo
670 1354 814 1412 antecedat
824 1353 891 1423 sdic,
902 1355 994 1426 credo,
1011 1372 1071 1411 meo
1086 1357 1135 1428 (1).

475 1555 655 1632 Calidorus
687 1577 723 1632 se
760 1518 863 1629 tantis
896 1553 1052 1652 partibus
1086 1535 1293 1630 sustinendis
1323 1557 1492 1653 imparem

427 1682 589 1771 ostendit,
603 1690 638 1757 et
650 1681 721 1779 ipse
736 1680 788 1755 sui
804 1681 892 1756 bene
905 1679 1074 1771 conscius,
1092 1681 1240 1756 amantis
1254 1689 1389 1756 tantum
1404 1683 1494 1759 stul-

381 1862 383 1868 s
427 1809 537 1883 titiam
554 1807 617 1881 sibi
637 1807 813 1882 vindicat:

728 2015 786 2071 Non
797 2015 983 2087 jucundumst‚
998 2014 1050 2070 nisi
1064 2031 1157 2071 amans
1169 2013 1234 2071 facit
1248 2015 1364 2072 stulte..;

567 2103 589 2162 0
604 2104 737 2162 Pseudole
751 2105 800 2174 mi,
817 2105 876 2161 sine
892 2104 942 2160 sim
957 2103 1037 2160 nihili
1051 2104 1099 2176 (2).

475 2290 662 2363 Personam
684 2285 748 2360 sibi
764 2294 912 2382 gratam,
930 2283 1086 2358 Pseudoli
1107 2305 1225 2380 opera,
1242 2285 1413 2382 suscipere
1429 2308 1491 2382 po·
1603 2354 1607 2361 .

426 2423 488 2490 test
512 2422 547 2488 et
577 2435 685 2510 usque
716 2410 913 2484 ad-iabulae
945 2408 1064 2498 finem,
1094 2409 1188 2484 haud
1223 2409 1274 2484 sui
1302 2410 1488 2500 dissimilis,

423 2563 556 2638 gerere.

472 2669 509 2740 ln
525 2665 718 2740 Cistellaria
730 2662 876 2737 feliciter
891 2660 1143 2738 Alcesimarcho
1151 2661 1293 2758 contigit
1304 2661 1347 2735 ab
1359 2662 1490 2758 optima

424 2793 535 2891 puella
548 2791 672 2880 amari,
689 2811 779 2886 quae,
796 2797 995 2885 quanquam
1017 2786 1069 2860 sui
1096 2787 1176 2862 boni
1197 2787 1331 2884 generis
1357 2787 1486 2876 nescia,¹

424 2942 541 2993 sensus
568 2917 737 3014 ingenuos
765 2912 985 2987 nihilominus
1010 2912 1162 2986 retinuit.
1188 2913 1232 2985 Ut
1265 2910 1368 2987 fidem
1389 2912 1488 2986 inte-

423 3068 520 3136 gram
552 3041 726 3116 Selenium
749 3040 815 3137 (3),
838 3038 993 3135 pessimis
1022 3037 1170 3111 consiliis
1197 3037 1353 3134 repulsu,
1386 3038 1488 3114 firmo

422 3171 539 3244 animo
557 3169 691 3242 tuetur!
710 3188 816 3263 quam
831 3164 920 3238 altus
933 3186 1031 3249 amor
1043 3163 1077 3235 in
1094 3163 1169 3260 ejus
1187 3170 1323 3260 pectore
1343 3163 1483 3240 insidet!

423 3319 491 3394 qua
517 3292 733 3391 simplicitate
757 3292 850 3364 hunc
872 3312 1024 3363 amorem
1053 3289 1182 3384 aperit!
1213 3311 1318 3384 quam
1349 3301 1487 3366 vereat

422 3421 539 3495 suavia
550 3418 718 3516 loquitur!
733 3419 846 3514 Longe
862 3422 979 3488 autem
992 3413 1058 3487 alia
1071 3413 1357 3505 Alcesimarchus
1368 3439 1486 3512 quam-

421 3547 470 3620 vis
488 3570 524 3620 se
543 3546 671 3642 pariter
689 3541 812 3616 ardere
839 3539 1025 3614 contendat
1049 3561 1114 3612 nec
1141 3537 1288 3612 infidum
1315 3539 1427 3644 reipsa
1451 3566 1487 3616 se

421 3679 571 3769 praestet.
589 3669 698 3767 Cujus
720 3665 863 3764 quidem
882 3687 962 3770 urm¹
977 3665 1005 3735 is
1023 3670 1081 3766 est
1094 3685 1208 3737 sermo
1225 3665 1282 3761 qui
1304 3665 1348 3738 ab
1369 3667 1486 3740 animo

420 3796 667 3896 proficiscatur,
686 3815 755 3867 non
770 3791 798 3864 is
810 3790 908 3864 dolor
921 3787 981 3886 qui
1003 3811 1065 3861 nos
1079 3787 1194 3864 dolere
1214 3799 1326 3889 cogat.
1342 3789 1487 3867 Amator

452 4022 485 4088 (1)
504 4019 604 4079 Pseud,
620 4021 638 4079 I,
653 4018 677 4066 5.

451 4105 484 4167 (ᾖ)
502 4101 601 4160 Pseud,
619 4101 637 4158 i,
653 4098 675 4146 3.

450 4185 484 4250 (3)
503 4183 638 4241 Selenium,
659 4193 708 4227 non
727 4176 854 4227 Silenium.
876 4177 949 4223 Vetus
964 4176 1045 4224 Codex
1063 4175 1154 4238 ubique
1169 4174 1219 4224 sere
1234 4177 1359 4226 Selenium
1374 4176 1483 4238 (Parcus,

418 4271 488 4320 Notae
504 4261 616 4326 criticae).
632 4258 693 4309 Vide
707 4255 877 4320 praefationem
892 4252 1046 4314 Cistellarirc,
1062 4255 1169 4315 Bennist,
1178 4255 1298 4318 Lugduni,
1312 4255 1380 4305 1863.
