3330 5258
603 458 762 521 ..45-

145 592 235 668 Vota
258 601 392 668 tantum
416 591 575 668 iaciendo
599 616 662 668 sno
684 593 774 692 patri
797 592 992 670 imminenti
1018 593 1212 686 insidiatur,

145 725 251 815 alque
264 719 368 794 etiam
383 719 417 792 in
433 718 517 794 votis
535 742 604 793 non
621 742 760 796 omnem
780 718 942 815 pietatem
957 720 1073 796 exuit:

144 929 292 988 Cr.-din
303 939 407 1006 patrem
418 933 481 990 hine
492 934 582 990 abisse
593 951 649 990 rus.

504 1060 568 1116 Sln.
585 1091 621 1100 -
635 1059 694 1114 Jam
711 1057 823 1115 dudum.

719 1183 765 1242 Cr.
781 1216 817 1224 -
831 1181 878 1239 nic
893 1183 984 1242 sodes.

852 1310 916 1367 Srn.
933 1344 969 1354 -
984 1312 1061 1384 Apud
1077 1311 1215 1370 villamsi:

168 1443 173 1458 .
220 1401 296 1458 Nune
309 1416 392 1484 quom
405 1416 529 1456 maxume
543 1399 635 1473 operis
649 1389 753 1472 aliquid
767 1399 857 1456 faeere
873 1391 965 1458 credo'.

860 1525 905 1583 Cr.
921 1557 957 1568 -
971 1525 1080 1584 Utinam
1088 1527 1214 1601 quidem:

220 1616 297 1681 Quod
311 1633 373 1671 eum
386 1614 474 1672 salute
488 1614 548 1687 ejus
560 1613 616 1682 fiat,
631 1613 670 1670 ita
683 1630 713 1669 se
727 1613 883 1686 defetigarit
894 1615 987 1685 velim,

219 1705 251 1761 Ut
267 1705 356 1761 triduo
371 1706 424 1761 hoc
440 1710 571 1778 perpetuo
588 1719 714 1775 prorsum
729 1718 744 1756 e
760 1700 831 1759 lecto
847 1714 966 1778 nequeat
980 1722 1093 1778 surgere
1110 1709 1160 1780 (l).

143 1887 299 1959 Anxium
326 1893 360 1960 et
388 1883 592 1982 impeditum
621 1892 826 1971 amatorem,
856 1909 926 1960 non
951 1894 1067 1962 autem
1094 1889 1214 1964 stolide

143 2020 344 2110 gementem
372 2019 406 2086 et
436 2010 695 2099 lacrimantem,
724 2010 845 2085 leviter
876 2019 911 2086 et
937 2013 1035 2109 quasi
1066 2012 1213 2114 benigno

145 2137 327 2211 Terentius
350 2136 483 2224 irridet,
505 2143 542 2209 ut
561 2134 660 2210 decet
674 2135 808 2209 irrideri
831 2136 1082 2212 adolescentem
1102 2138 1215 2235 potius

144 2261 190 2335 ob
207 2260 386 2336 honestam
409 2285 514 2358 quam
537 2261 581 2336 ob
597 2260 750 2356 ineptam
778 2269 939 2336 naturam
964 2261 1095 2337 fraudis
1114 2264 1215 2339 inve·

145 2386 282 2462 niendae
299 2386 512 2484 imperitum.

197 2512 350 2587 AEschini
361 2512 503 2610 quidem
512 2513 670 2590 lascivius
679 2522 713 2588 et
724 2512 891 2589 audacius
901 2513 1093 2612 ingenium,
1108 2513 1215 2611 patris

145 2639 296 2736 adoptivi
310 2638 450 2714 lenitate
468 2639 573 2714 etiam
589 2639 790 2731 excitatum,
811 2639 846 2713 in
861 2661 1025 2740 magnam
1038 2638 1214 2714 licentiam

146 2763 297 2840 effusum
312 2774 375 2840 est.

218 2957 304 3021 Quam
316 2954 359 3011 hic
371 2971 425 3011 non
437 2954 538 3012 amavit
550 2954 747 3011 meretricem?
760 2961 806 3010 aut
819 2953 883 3027 quoi
895 2971 949 3010 non
962 2953 1037 3012 dedit

218 3045 329 3120 Aliquid
343 3045 408 3116 (att

147 3217 218 3314 ipse
240 3213 340 3288 Micio
368 3212 433 3302 ait,
469 3235 669 3310 quanquam
694 3212 769 3312 ejus
798 3214 973 3310 praeterita
1002 3213 1092 3289 faeta
1120 3215 1211 3291 facili

147 3341 264 3415 animo
278 3347 446 3416 recenset.
461 3340 547 3428 Quae
562 3336 716 3414 facinora
727 3362 830 3413 ausus
844 3337 961 3430 fuerit,
979 3340 1036 3413 alii
1053 3341 1210 3438 quidem,

148 3489 216 3540 non
247 3465 323 3552 sibi,
345 3461 560 3562 profuturus,
589 3457 817 3560 Ctesiphonis'
833 3463 944 3563 gratia
971 3472 1005 3538 et
1029 3464 1212 3542 admiratio

146 3593 227 3666 salis
247 3614 309 3665 nos
334 3590 538 3665 docuerunt.
569 3588 633 3662 llic
659 3598 775 3663 tamen
804 3587 989 3664 elirenatus
1015 3589 1212 3667 adolescens

146 3717 275 3816 aliquid
322 3714 542 3792 verecundiae
581 3723 686 3812 atque
731 3714 836 3789 etiam
870 3713 1029 3788 bonitatis
1072 3713 1236 3807 retinet‚'

146 3852 181 3920 et
212 3846 329 3918 auimo
357 3865 477 3917 revera
505 3841 625 3917 melior
649 3848 699 3915 est
730 3864 836 3940 qnam
868 3839 961 3915 lama
991 3841 1208 3937 perhibetur.

146 3970 213 4060 Qui
236 3991 348 4067 nuper
371 3966 503 4043 lenonis
529 3966 621 4042 aedes
649 3965 897 4064 perlringebat‚
921 3966 1083 4061 lenonem
1107 3968 1209 4042 minis

178 4185 213 4251 (a)
230 4185 290 4246 no„
303 4187 341 4246 iv,
354 4185 377 4234 l.

178 4267 212 4334 (a)
229 4266 289 4330 nc..
305 4268 326 4329 1,
340 4267 364 4316 a.
