3330 5258
650 494 669 504 ,
686 494 691 502 .
711 457 749 522 55
770 495 810 502 ..

197 617 275 686 suu,
291 593 383 692 apud
402 601 576 698 tun-surena
591 592 687 668 sedet
699 593 840 682 otiosus,
858 592 1058 669 adolescens
1081 595 1262 670 intervenit

197 719 310 793 aliene
337 718 531 793 calamitate
553 740 664 815 nuper
689 717 759 791 visa
782 727 975 794 cunrmctus
1000 727 1035 794 et
1056 720 1241 794 lacrimans
1249 748 1257 808 ;

196 844 400 944 rogantibus
419 844 640 920 lacrirnerurn
657 865 793 918 causun
811 842 885 917 herc
900 852 1039 919 narrat:

484 1089 635 1162 Numquam
648 1105 736 1162 aeque,
754 1088 855 1162 inquit,
871 1105 902 1144 ac
916 1089 997 1144 rnudu

270 1178 419 1252 Paupertas
430 1177 497 1233 nrilri
510 1193 578 1232 onus
589 1178 703 1233 visumst
713 1185 740 1234 ct
751 1177 883 1233 miserum
896 1185 921 1233 ct
932 1194 1026 1248 grave.

271 1267 348 1324 llodc
361 1268 498 1341 quandam
509 1266 562 1322 vidi
575 1266 710 1339 virginem
722 1266 766 1322 liic
781 1266 883 1323 vicinire

270 1357 405 1426 Miseram,
421 1373 497 1412 suam
511 1363 627 1412 matrem
639 1355 783 1414 lamentari
797 1365 930 1413 rnortuarn
946 1378 951 1413 :

270 1443 307 1500 Ea
320 1444 372 1500 sita
386 1452 445 1500 erat
458 1443 648 1513 exadvorsum,
664 1462 753 1518 neque
765 1444 806 1501 illi
820 1444 979 1502 benivolens

269 1534 362 1607 Neque
374 1541 457 1590 notus
470 1551 559 1608 neque
575 1543 707 1606 cognatus
722 1541 797 1590 extra
810 1551 893 1590 unam
908 1535 1041 1591 aniculam

270 1625 416 1697 Quisquam
430 1625 534 1694 ederat,
551 1625 598 1698 qui
614 1625 749 1698 adjutaret
763 1625 853 1680 iturus.
872 1625 1057 1682 lliseritumst.

270 1713 350 1790 Virgo
363 1715 422 1788 ipsa
434 1715 502 1770 lucie
518 1715 639 1788 egregia.

196 1922 284 1998 Vide
295 1946 365 2022 qua
377 1923 530 2022 diligenti
543 1933 617 2002 arte
633 1933 793 2000 naturanr
804 1934 906 2022 poeta
918 1934 1093 2022 sequatur,
1113 1932 1147 1999 et
1160 1946 1263 2021 quarn

197 2059 278 2147 apte
305 2051 541 2127 narrationem
571 2053 753 2128 concludat
779 2053 832 2127 his
853 2052 965 2128 verbis
989 2053 1025 2126 in
1047 2075 1106 2128 cre
1131 2051 1265 2126 adules-

198 2177 309 2252 centis
323 2178 555 2255 adulescentes
570 2180 775 2278 alloquentis
791 2180 877 2255 mire
889 2178 1112 2255 decentibus:
1135 2176 1265 2274 «Virgo

198 2304 273 2401 ipsa
301 2303 389 2380 fecie
407 2305 558 2404 egregia.
587 2335 604 2374 s
629 2306 722 2382 ldem
751 2305 973 2404 sequentibus
998 2304 1085 2379 inest
1112 2287 1266 2378 ueritatis

198 2429 319 2504 color:
355 2459 370 2497 «
405 2430 557 2505 Voltisne
597 2455 717 2506 cannrs
757 2432 863 2508 visere
891 2461 907 2500 n
942 2431 1075 2529 prirnus
1115 2427 1265 2526 Antipho

198 2555 381 2644 exclamat,
399 2563 429 2630 ct
451 2556 562 2654 surgit
573 2556 648 2654 jam
668 2557 798 2647 iturus;
815 2560 944 2655 quippe
968 2557 1026 2660 qui
1050 2554 1149 2654 (nihil
1170 2555 1263 2628 eninr

198 2679 431 2754 inconsultum
478 2681 659 2757 Terentius
699 2682 827 2778 scribit)
867 2681 1004 2756 iuturus
1041 2682 1083 2754 sit
1121 2680 1264 2754 desertae

198 2803 343 2902 virginis
370 2813 515 2880 ansatur.
546 2807 654 2880 Nosce
677 2806 804 2903 qulbus
832 2806 889 2880 illa
918 2806 1048 2880 insidiis
1075 2805 1264 2902 benignum
1354 2909 1358 2918 .

196 2929 353 3005 eninrunr
368 2930 481 3006 subito
494 2929 749 3028 illaqueaverit:

734 3146 817 3215 lutus,
832 3145 967 3214 venimus,

272 3231 399 3289 Videmus
413 3251 419 3286 τ
433 3233 511 3304 virgo
524 3233 657 3307 pulchra:
673 3242 765 3307 etque
778 3233 866 3306 tnagis
879 3232 995 3300 diceres,

271 3319 313 3376 llil
326 3321 418 3379 aderat
432 3321 583 3394 adjumenti
596 3323 630 3378 ad
642 3322 893 3397 pulchritudinem:

271 3410 390 3485 Capillus
402 3429 509 3486 passus,
522 3412 612 3468 nudus
626 3429 685 3486 pes,
699 3414 758 3486 ipsa
770 3411 892 3478 horrida,

271 3499 421 3570 Lacrumae,
440 3501 552 3558 vestitus
566 3502 670 3575 turpis:
685 3510 727 3566 ut,
744 3502 771 3556 ni
786 3501 827 3557 vis
842 3501 905 3556 boni

271 3588 301 3643 ln
315 3590 374 3663 ipsa
389 3591 491 3646 inesset
504 3590 601 3660 torma,
617 3590 675 3646 haec
688 3590 802 3646 lormarn
815 3591 1015 3662 extinguerent.

272 3675 323 3734 llle
336 3679 381 3752 qui
394 3677 470 3734 illarn
486 3681 596 3737 anralrat
612 3679 758 3746 fidicinam,
774 3678 959 3735 tantummode

274 3788 285 3822 u
301 3769 381 3837 Satis,
397 3768 495 3842 inquit,
510 3770 620 3827 scitust:
637 3791 649 3824 n
667 3778 762 3827 noster¹
774 3787 872 3827 vcro...

718 3887 855 3944 llnvus-
868 3887 927 3942 lani
941 3887 996 3942 scin
1009 3906 1014 3941 :

272 3977 369 4032 Amare
384 3977 465 4051 coepit
480 3980 490 4048 l
511 3979 530 4048 ).

237 4180 270 4244 (1)
284 4177 410 4238 Pindarico,
426 4179 445 4236 l,
460 4176 484 4225 2.
502 4203 533 4211 -
547 4175 648 4225 lllolic're
663 4177 727 4224 hunc
752 4177 832 4224 locutu
851 4177 929 4224 tacete
939 4175 1090 4238 ampliticans
1110 4187 1158 4222 non
1175 4174 1264 4221 Terru-

198 4261 293 4310 tiananr
306 4258 450 4308 breuitatem
466 4257 597 4320 superavit.
613 4257 681 4319 (lide
691 4256 725 4306 les
739 4255 883 4307 qurleries
892 4254 921 4306 de
932 4255 1031 4319 Sceptra,
1044 4256 1062 4313 l,
1074 4255 1108 4316 ⁹2.)
