3330 5258
936 545 976 558 ..
995 512 1017 575 4
1036 545 1075 558 .-

471 647 669 738 lucentem,
698 648 732 722 ri
764 645 994 744 cupiditatum
1024 647 1138 722 subito
1167 646 1477 734 effervescentium,
1503 647 1538 721 in

470 795 662 872 ganeonem
695 780 818 847 mutat.
841 773 1046 849 Pistoclerus
1062 773 1097 846 in
1126 773 1349 846 Bacchidibus
1379 772 1541 847 meretri-

470 899 562 972 ciam
582 898 726 973 domum
746 898 899 988 intravit,
916 898 1114 974 Mnesilochi
1140 898 1263 972 sodalis
1281 920 1416 972 amores
1428 921 1535 973 oura-

469 1033 580 1114 turus‚
602 1047 670 1098 non
683 1046 762 1098 suos
778 1051 785 1094 :
804 1024 894 1097 hanc
906 1023 1058 1099 moribus
1073 1025 1171 1099 castis
1185 1023 1373 1122 ingressus,
1390 1046 1536 1122 corrup·

467 1149 512 1222 tis
530 1149 668 1248 linquit.
686 1149 806 1224 Nullus
829 1157 946 1224 tamen
974 1149 1009 1223 in
1029 1150 1251 1224 meretricum
1275 1148 1423 1223 moribus
1442 1172 1539 1246 prae-

469 1273 646 1350 noscendis
670 1275 816 1364 acutior,
848 1274 1081 1351 describendis
1110 1273 1267 1361 vividior,
1301 1274 1537 1371 vituperandis

467 1401 632 1497 asperior.
668 1402 804 1489 Quanta
839 1399 1054 1498 turpitudine
1090 1400 1284 1497 pnlaestram
1314 1399 1416 1488 illam
1439 1407 1538 1474 notat

473 1553 490 1594 u
510 1525 569 1599 ubi
599 1525 735 1599 damnis
759 1525 998 1600 desudascitur
1013 1525 1064 1622 (l)
1081 1528 1124 1598 tu
1149 1526 1286 1613 Quanta
1301 1524 1457 1600 irrisione
1476 1525 1536 1600 vi-

468 1675 544 1725 rum
567 1651 722 1751 depingit
742 1652 775 1724 ln
798 1651 990 1726 luxuriosos
1015 1653 1273 1750 transcriptum,
1300 1650 1415 1739 Martis
1437 1673 1536 1725 arina
1649 1701 1650 1706 ,

465 1777 612 1852 Venerio
629 1785 798 1874 apparatu
821 1780 1035 1851 mutantem!
1061 1776 1216 1876 Optimae·
1232 1775 1373 1873 quidem
1391 1776 1533 1873 sapien-

464 1903 521 1977 tiae
547 1910 721 2000 praecepta
741 1901 775 1976 in
800 1902 967 1977 auxilium
994 1901 1135 2000 pudoris
1164 1901 1290 1976 obsessi
1316 1910 1431 1992 vocat3
1466 1902 1534 1978 hoe

465 2038 581 2104 eutem
610 2051 717 2103 unum
739 2028 878 2119 omittit,
905 2028 1034 2103 scilicet
1058 2028 1267 2126 voluptatem
1295 2036 1427 2101 tantum
1449 2025 1533 2126 luga
1594 2065 1600 2076 ·

466 2154 556 2229 vinci
576 2177 688 2252 posse.
708 2156 842 2251 ltaque,
863 2153 946 2227 dum
972 2153 1127 2227 censorio
1151 2175 1295 2227 munere
1321 2151 1478 2252 iungitur
1498 2160 1533 2228 et

463 2279 673 2354 Bacchidum
684 2278 869 2352 blanditias
883 2278 1021 2375 proprio
1033 2277 1174 2353 nomine
1190 2277 1349 2352 «viscum
1362 2300 1524 2352 merum»

464 2412 575 2520 vocat,
608 2428 643 2480 se
661 2404 759 2490 ,risco
787 2403 1013 2479 inhaerescere
1048 2403 1150 2478 sentit
1173 2410 1207 2478 et
1240 2402 1376 2500 cogitur
1409 2403 1531 2478 erela-

465 2553 561 2605 mare
583 2555 592 2603 ζ

764 2652 854 2711 Periit
872 2653 1000 2712 Harundo
1016 2651 1074 2710 alas
1089 2654 1227 2712 verberat.

511 2833 588 2909 ltlox
622 2833 726 2932 hujus
758 2837 869 2933 asperi
903 2835 1127 2911 adolescentis
1157 2835 1276 2924 virtus,
1305 2834 1531 2910 muliebribus

461 2959 631 3035 illecebris
645 2969 820 3053 enervata,
842 2971 876 3037 et
897 2962 971 3060 jam
995 2962 1187 3058 desperata,
1210 2983 1245 3035 se
1268 2961 1410 3035 omnino
1430 2960 1530 3036 lrac-

463 3095 532 3160 tam
549 3109 616 3162 non
635 3086 708 3162 sine
726 3086 855 3185 pudore
867 3087 1053 3163 confitetur
1075 3113 1083 3160 :

534 3292 634 3348 Sumne
650 3299 741 3350 autern
755 3293 835 3350 nihili
851 3272 898 3366 q'ui
915 3311 1050 3368 nequeam
1064 3293 1176 3366 ingenio
1190 3293 1328 3350 moderari
1341 3310 1401 3349 meo
1417 3291 1475 3366 (ΞΗ

411 3479 414 3486 “
509 3472 596 3547 'lum
614 3485 743 3571 quanta
761 3474 801 3550 ut
814 3484 849 3550 et
861 3498 968 3574 quarn
982 3474 1095 3550 subita
1110 3475 1273 3550 mutatiol
1291 3475 1366 3564 Quo
1379 3475 1524 3572 impetu,

462 3595 566 3674 frenis
589 3599 645 3675 vix
669 3601 822 3694 remotis,
847 3602 882 3674 in
907 3624 1011 3677 omne
1035 3600 1204 3698 flagitium
1233 3601 1324 3674 ruit!
1350 3601 1437 3710 ltlale
1462 3600 1526 3673 sibi

493 3833 528 3897 (1)
545 3833 623 3893 Quum
639 3835 704 3883 idem
718 3836 821 3884 verbum
835 3833 954 3884 damnum
969 3835 1067 3884 Plautus
1082 3833 1107 3881 in
1122 3847 1192 3882 versu
1207 3833 1318 3896 proximo
1331 3839 1445 3896 usurpet:

591 3978 602 4005 r
621 3960 666 4010 Ubi
681 3974 725 4022 pro
740 3961 808 4008 disco
823 3960 938 4008 damnum
952 3959 1056 4021 capiam,
1071 3973 1115 4022 pro
1130 3947 1231 4008 cursura
1245 3961 1354 4009 dedecus
1372 3978 1383 4006 ι

492 4083 567 4132 Bothe
580 4082 640 4146 (pt,
656 4084 745 4142 Berol„
762 4081 907 4147 18091811)
923 4084 1005 4146 potius
1024 4099 1097 4146 quarn
1108 4090 1204 4147 poetam
1219 4085 1372 4148 negligentia
1386 4087 1526 4147 peccavisse

458 4165 552 4222 credat,
573 4169 666 4212 rectam
688 4164 817 4214 lectionem
835 4179 890 4213 esse
908 4163 1014 4215 dominis
1027 4166 1053 4214 in
1068 4165 1150 4229 priore
1163 4181 1235 4215 versu
1251 4165 1351 4228 conjicit
1369 4179 1375 4213 :
1391 4167 1486 4216 ltitsclrl
1500 4169 1525 4218 ei

458 4243 593 4293 assentitur
607 4247 649 4292 aut
663 4242 769 4306 damnis,
785 4249 826 4294 aut
840 4244 960 4295 damnum
977 4254 1118 4310 corruptum
1132 4261 1194 4296 esse.

489 4323 523 4386 (2)
540 4323 681 4386 Bacchides,
696 4326 716 4387 1,
731 4325 754 4376 1.
