3330 5258
920 494 1079 556 ..13-

467 627 628 704 dextrum
641 651 685 704 au
702 629 824 704 levum
846 651 948 704 suum
973 628 1062 702 lutus
1076 628 1189 718 feriet,
1212 629 1288 726 ejus
1303 638 1341 703 ut
1356 629 1547 713 animum,

468 755 516 831 sic
543 754 695 854 gladium
717 777 920 853 suspensum
941 753 1000 829 diu
1019 776 1219 830 mansurum
1237 753 1341 829 luisse
1360 753 1549 854 conjicere

467 879 559 969 licet,
585 879 718 956 etiamsi
745 902 814 955 nun
837 879 1015 956 Selenium
1039 878 1274 954 intervenisset
1297 877 1331 952 iu
1362 879 1430 954 vita
1455 881 1550 955 vitae

468 1014 627 1082 tenacem
647 1004 746 1080 lauile
764 1013 941 1080 retentura
957 1007 1016 1101 (l).

515 1129 761 1206 Alcesimarahi
781 1152 967 1232 raaoerorem
987 1129 1128 1205 Charini
1146 1127 1244 1205 delur
1267 1130 1301 1203 iu
1324 1131 1544 1218 Mercatore,

468 1255 591 1330 amissa
612 1255 736 1348 amica,
767 1254 939 1332 feracibus
968 1265 1003 1331 et
1025 1254 1187 1331 inanibus
1223 1255 1371 1330 consiliis
1402 1265 1544 1354 auquel,

469 1381 619 1456 amentia
649 1390 801 1480 superet.
828 1378 1003 1472 Quamdiu
1029 1380 1166 1480 Prolegi
1193 1390 1308 1479 partes
1326 1381 1411 1480 agit,
1428 1363 1548 1457 sanus

467 1528 567 1582 sanas
581 1505 780 1604 alloquitur,
796 1516 831 1582 et
844 1515 964 1604 sponte
983 1514 1155 1582 amatores
1168 1505 1288 1584 irridet

903 1763 952 1828 (lui
968 1771 1014 1820 aut
1030 1763 1106 1820 Nocti
1121 1771 1168 1822 aut
1187 1764 1236 1822 llie

610 1856 661 1912 lut
677 1853 730 1912 Seli
746 1863 793 1912 aut
807 1853 888 1911 Lunae
902 1852 1026 1910 miserias
1039 1857 1152 1910 uariant
1166 1871 1229 1912 suas
1245 1855 1295 1926 (2).

517 2073 638 2147 Fusius
659 2081 841 2148 enumerat
870 2073 951 2147 vilia
966 2095 1045 2170 quae
1071 2093 1226 2148 amarem
1249 2070 1371 2148 sectari
1397 2071 1534 2161 solent;

467 2196 559 2274 idem
586 2219 666 2273 veru
687 2207 783 2274 extra
808 2199 987 2298 prologum
1010 2197 1063 2271 his
1090 2197 1181 2271 vitiis
1206 2195 1410 2295 plusquam
1434 2195 1538 2274 decet

467 2324 613 2400 laborat.
637 2325 788 2400 Athenas
805 2321 912 2413 enim,
931 2323 987 2397 ubi
1015 2323 1232 2398 meretricem
1256 2323 1355 2398 valde
1379 2322 1536 2414 amabat,

467 2473 574 2549 qiium
591 2448 880 2547 paterindecoros
900 2454 934 2523 et
957 2456 1180 2545 sumptuosus·
1196 2469 1331 2523 amores
1356 2447 1480 2545 saepius
1502 2449 1540 2523 ei

466 2574 644 2674 objiceret,
672 2574 869 2672 reliquerat,
888 2583 923 2648 ul
946 2571 1109 2650 Rhodum
1126 2581 1316 2648 mercatum
1337 2573 1419 2662 iret;
1443 2595 1539 2648 mer·

466 2693 575 2786 tibur,
598 2723 684 2798 ques
710 2706 882 2790 avexerat,
907 2699 1035 2796 optime
1064 2696 1221 2790 uenditis,
1236 2697 1281 2772 ab
1296 2697 1365 2772 alie
1389 2697 1537 2773 muliere

357 2818 359 2824 ’
466 2823 592 2902 eximia
612 2823 737 2915 ferma,
760 2824 900 2900 immine
919 2823 1151 2921 Pasicompsa,
1172 2823 1245 2921 jam
1265 2823 1388 2898 veteris
1406 2823 1538 2899 ameris

467 2950 605 3042 oblitus,
621 2951 669 3024 ita
686 2957 800 3026 melus
811 2957 846 3024 et
863 2949 1040 3024 devinctus
1051 2961 1115 3040 est,
1129 2958 1165 3023 ut
1177 2972 1252 3024 eam
1269 2949 1420 3024 Athenas
1431 2949 1533 3022 simul

467 3099 508 3152 ee
527 3077 663 3151 lucrum
684 3076 804 3175 ingens
817 3073 1005 3150 reduxerit..
1031 3075 1144 3161 Quam
1160 3073 1300 3172 quidem
1319 3080 1416 3174 pater
1430 3096 1535 3148 ama·

467 3199 866 3290 toriS‚uuiisiliisu1eli0r
885 3222 991 3296 quam
1012 3199 1178 3288 moribus,
1197 3199 1250 3273 uix
1262 3197 1459 3296 adspectum
1470 3198 1534 3273 silri

469 3327 596 3402 habere
615 3325 757 3424 cupivit,
781 3334 814 3400 et
841 3324 942 3398 aulici
969 3323 1038 3398 ficti
1066 3324 1205 3398 nomiae
1229 3323 1297 3398 ami
1312 3323 1426 3422 jussit.
1451 3323 1533 3399 lude

468 3452 640 3528 Charinus
654 3451 804 3542 doleam
819 3450 943 3526 mullus
957 3449 1191 3548 questuselit,
1205 3471 1298 3524 nuuc
1309 3472 1429 3548 graves
1441 3473 1534 3524 ama·

431 3600 433 3603 ·
469 3600 593 3678 rosque
614 3587 647 3654 el
676 3576 793 3652 auimo
822 3598 903 3652 vere
928 3585 1021 3650 motu
1046 3575 1183 3665 effusas,
1211 3597 1304 3650 uum
1328 3574 1447 3650 iullata
1474 3584 1534 3652 aut

468 3702 1000 3798 auectataorauonecorruptus.
1435 3709 1437 3716 “

501 3965 535 4030 (l)
553 3967 667 4028 Quamuis
681 3966 822 4020 Cistellaria
839 3983 888 4016 uon
901 3969 931 4015 ml
942 3982 991 4017 ¹nos
1011 3967 1107 4030 integra
1129 3968 1277 4030 peruenerit,
1291 3970 1388 4016 tuirstat
1406 3970 1490 4015 tarmen
1504 3981 1536 4016 ex

470 4047 581 4098 uersibus
595 4049 625 4097 ab
640 4050 731 4112 angele
754 4048 801 4098 illei
824 4047 944 4098 restitutis
965 4048 1140 4097 Alcesimarclii
1167 4048 1294 4098 stultitiam
1311 4048 1391 4096 eundo
1407 4045 1533 4097 crevisse:

470 4127 563 4179 utinam
583 4129 665 4194 patius
685 4129 732 4179 loci
747 4129 837 4179 redditi
853 4129 955 4178 luissent
969 4129 993 4177 iu
1007 4129 1095 4190 quibus
1110 4144 1159 4179 nan
1175 4131 1255 4179 fatuus
1273 4133 1375 4190 amatur,
1391 4130 1433 4179 seul
1448 4143 1535 4178 aman-

469 4210 565 4261 tissima
578 4210 659 4274 puella
671 4209 814 4275 appareret!

499 4291 534 4356 (Ξ)
554 4291 685 4350 Mereatur,
702 4291 720 4350 l,
736 4291 759 4340 l.
