3330 5258
193 549 238 602 stu.
252 579 285 588 -
297 547 409 604 l‘otnsno
420 547 485 604 urilri
494 547 670 604 aurscullaro‘?

507 674 606 729 lluuu.
624 705 657 716 -
675 675 800 752 Possum
829 669 830 674 '

694 801 741 856 do.
808 800 1183 878 dluidomuuusnspendete.

193 887 289 943 llrnuu.
302 920 336 929 -
345 889 526 954 Quamobrem
539 890 552 944 ‘l

405 1069 407 1073 -
441 1037 488 1090 ln.
506 1069 539 1073 --
555 1033 623 1100 Quia
634 1035 692 1107 jam
712 1052 859 1110 nullunquam
882 1037 988 1093 audibis
1006 1039 1089 1094 verba
1109 1047 1219 1095 tottam

1046 1127 1151 1198 [strenia
1168 1130 1217 1199 (l).

204 1304 367 1394 Quanruis
394 1304 518 1380 sentiat
548 1327 649 1378 snum
677 1326 831 1380 amorem
864 1329 885 1380 a
912 1307 1034 1413 puella·
1055 1307 1217 1398 fastidiri,

156 1427 249 1502 molli
273 1437 394 1525 questu
416 1451 492 1502 ortua
519 1429 693 1525 increpat,
715 1427 843 1505 nedum
868 1431 967 1505 lasus
983 1431 1108 1506 aeriter
1134 1433 1220 1507 iras·

155 1561 254 1626 catut
270 1585 277 1626 :

155 1767 275 1825 tantuli.
284 1799 316 1808 κ
326 1766 396 1834 Quid
405 1775 434 1823 tn
442 1767 500 1823 uis?
511 1768 576 1842 qnid
587 1767 651 1824 niilri
665 1768 825 1825 ruolrstu’s‘l
835 1769 959 1825 ousae-o.

813 1878 897 1933 leod.
914 1908 948 1916 -
964 1876 1083 1932 ,llrltam
1093 1876 1217 1933 saeviter!

152 2049 223 2123 Neo
237 2048 342 2126 etium
354 2050 512 2147 repulsus
527 2048 659 2124 blandis
677 2048 916 2148 lerhispareit,
927 2048 984 2124 sed
999 2047 1157 2126 eamdem
1174 2048 1216 2122 nd

152 2173 294 2250 Veneris
308 2175 491 2273 templum,
512 2183 548 2250 ut
560 2174 643 2249 allas
656 2182 830 2272 spectetet
847 2173 921 2272 ipsa
933 2182 1118 2272 spectetur,
1134 2195 1218 2272 pro-

152 2308 332 2398 perantem
345 2299 490 2376 comiter
509 2310 606 2399 rogat
625 2324 634 2374 z

222 2497 272 2563 Qui
288 2497 364 2554 lubet
379 2508 502 2572 spectaro
518 2499 613 2572 turpis,
632 2498 753 2572 poderam
767 2499 940 2572 spectandam
956 2497 1022 2554 darn
1037 2497 1100 2569 (alt

149 2658 331 2748 Quomodo
353 2659 394 2735 lit
411 2669 447 2734 ut
465 2669 532 2734 taur
553 2659 669 2734 mitem
695 2669 729 2734 ot
752 2661 944 2760 elegantem
964 2660 1215 2736 adolescentem

151 2794 289 2881 respuat
315 2784 562 2882 Adelphasium
599 2785 730 2860 teuusli
761 2785 888 2884 ingenii
919 2785 1059 2883 puella‘l
1088 2787 1215 2860 Tolum

149 2917 340 2984 amatorem
365 2933 479 3000 nosce,
501 2921 535 2986 et
559 2933 684 3000 morea,
706 2909 819 3009 specio
843 2909 983 3008 quidem
1011 2909 1214 2998 laudabiles,

150 3033 230 3108 vitio
247 3045 362 3141 auteur
377 3034 496 3109 latenti
516 3034 676 3110 loerletos.
701 3036 773 3110 Suu
790 3035 1011 3110 ueneratione
1031 3058 1107 3110 eum
1128 3059 1216 3135 pro-

148 3160 305 3257 sequitur
319 3184 424 3259 quam
446 3169 565 3262 negot,
587 3162 649 3238 etsi
676 3159 785 3251 dives,
814 3159 997 3246 redimere,
1019 3170 1051 3234 et
1076 3182 1215 3235 servans

149 3308 324 3378 nortmanos,
355 3309 442 3384 quos
472 3285 556 3361 falso
587 3285 765 3362 contendit
794 3285 902 3360 amico
939 3293 1107 3384 prasente
1140 3284 1214 3362 lueri

149 3411 384 3508 lymphaticos,
401 3411 603 3487 suavissime
617 3411 723 3486 verba
738 3411 895 3510 largitur,
911 3433 1037 3508 nempe
1048 3410 1212 3510 gratuita.
1315 3505 1329 3522 ,

148 3537 326 3610 Sermonis
353 3537 486 3635 lepores
516 3559 585 3611 nou
615 3537 729 3610 minus
756 3558 893 3633 parcam
921 3558 1025 3633 quarn
1056 3545 1215 3636 argutam

74 3661 78 3668 '
147 3662 182 3734 in
201 3683 244 3735 eo
266 3671 428 3736 naturam
447 3670 611 3761 arguunt,
638 3683 701 3735 rreo
719 3667 853 3735 lantum
871 3659 1100 3758 intempestivi
1118 3669 1212 3750 sunt,

179 3897 202 3969 (l
209 3913 217 3966 p
233 3900 296 3950 lluic
310 3900 364 3947 loco
380 3899 465 3948 corriel·
479 3899 540 3946 riuos
556 3911 587 3946 nx
602 3898 696 3946 incerta
709 3896 835 3946 ltleuandri
850 3895 931 3943 tritinia
945 3909 1047 3942 rursus:

336 3977 415 4030 Ὅταν
429 3977 499 4043 φύσει
514 3979 543 4029 τὸ
558 3977 649 4036 κάλλος
663 3973 787 4053 inexcepta]
801 3973 888 4042 opleto:

336 4058 451 4126 χρηστός,
466 4057 600 4115 διπλασίως
613 4057 627 4108 ὑ
641 4058 749 4124 προσιὼν
763 4055 897 4108 ἁλίσκεται.

453 4138 586 4198 liteinrlie,
601 4138 756 4188 turanorum
769 4135 912 4200 semitonum
926 4135 1075 4200 [coemento.
1092 4135 1167 4196 tels.)

182 4221 216 4285 (Ξ)
236 4219 361 4280 Poentdua,
378 4220 396 4279 l,
409 4218 432 4268 ἱ),
