3330 5258
913 444 1052 506 ,6-

360 599 366 624 ·
450 583 515 656 bus
536 603 605 656 non
627 585 760 654 tantum
784 579 996 676 inquinatus
1018 577 1077 654 sed
1098 579 1245 655 inlectus
1270 603 1343 656 esse
1367 581 1517 655 videtur.

451 708 639 802 Postquam
658 705 702 777 ab
721 711 836 777 amata
856 703 1038 778 meretrice
1062 704 1176 778 nudus
1202 713 1236 780 et
1265 703 1403 778 infamis
1419 713 1521 780 extre

450 831 541 906 fores
555 831 685 928 ejectus
701 828 777 916 luit,
788 829 932 904 domum
944 830 1161 922 damnosam,
1172 839 1211 904 ut
1223 831 1375 928 primum
1388 831 1520 926 aliquid

451 957 597 1054 collegit,
613 978 730 1028 rursus
744 954 889 1044 obsidet,
902 962 936 1030 et
948 955 1177 1058 Phronesium
1188 955 1522 1054 vehementerrogat

453 1089 489 1155 ut
501 1081 614 1176 ipsum
638 1079 781 1154 omnino
806 1080 889 1154 velit
907 1081 1072 1176 expilare.
1096 1083 1197 1156 Hunc
1215 1080 1369 1179 prolecto
1397 1081 1522 1156 credas

451 1205 593 1280 libidine
610 1213 819 1294 occaecatum
834 1229 921 1296 esse,
933 1207 997 1279 nisi
1009 1206 1129 1280 audias
1148 1207 1191 1282 de
1211 1207 1414 1282 meretriciis
1432 1207 1522 1281 dolis

452 1329 591 1404 uberius
629 1330 864 1420 disserentem,
898 1339 1002 1428 atque
1036 1339 1229 1428 spectantes
1265 1333 1445 1407 docentem
1480 1341 1523 1404 ut

452 1479 573 1530 amaus
601 1456 636 1528 in
664 1456 750 1530 retia
778 1456 902 1530 sensim
930 1456 1128 1549 inducatur,
1152 1457 1194 1530 iis
1221 1457 1406 1555 implicitus
1436 1459 1523 1532 reti-

453 1590 588 1670 neatur,
609 1589 656 1671 et,
676 1582 746 1656 sive
762 1581 981 1678 superbiente
993 1582 1117 1672 amica,
1139 1583 1208 1657 sire
1225 1582 1413 1675 arridente,
1425 1607 1524 1658 nnnc

454 1707 585 1799 auimo,
610 1729 705 1781 nnnc
723 1730 761 1781 re
778 1714 909 1804 pereat.
931 1695 1145 1782 Meretricem
1162 1708 1252 1782 iutra
1276 1716 1391 1783 cutem
1411 1709 1520 1799 novit,

455 1832 626 1907 mendacii
645 1840 680 1906 et
694 1831 812 1906 damni
834 1834 986 1930 plenam,
1004 1856 1123 1907 causas
1139 1833 1329 1931 fingentem
1345 1857 1386 1908 ac
1402 1857 1523 1909 seren-

455 1967 525 2032 tem
549 1967 588 2031 ut
619 1980 744 2030 aurum
774 1959 919 2033 amatori
943 1967 1157 2058 extorqueat,
1184 1967 1219 2033 et
1244 1961 1444 2058 priusquam
1463 1960 1524 2034 hic

458 2106 567 2158 unum
583 2083 729 2176 dederit,
742 2093 896 2174 centum,
913 2107 991 2181 quae
1005 2093 1136 2182 poscat,
1155 2094 1349 2181 parantem.
1366 2087 1436 2160 Nec
1451 2087 1523 2158 mi-

458 2233 523 2282 nus
535 2209 660 2284 acriter
675 2210 710 2283 in
727 2209 935 2284 amatoribus
949 2210 1126 2283 stultitiam
1140 2211 1338 2308 exprobrat,
1354 2218 1522 2308 tanquam

427 2416 428 2422 η
458 2336 485 2408 si
496 2343 629 2410 rectum
638 2334 812 2433 judicium
828 2335 897 2430 ipse
912 2358 1092 2431 nunquam
1103 2335 1268 2426 amiserit,
1285 2343 1343 2409 aut
1358 2336 1521 2410 amissum

458 2459 598 2534 tandem
613 2459 796 2555 receperit3
822 2460 870 2533 ita
890 2482 971 2534 vero
984 2459 1163 2534 dissimiles
1179 2461 1223 2533 ab
1235 2460 1389 2536 oratioue
1409 2484 1523 2536 mores

459 2583 611 2680 exhibet,
625 2592 665 2657 ut
678 2606 747 2658 non
760 2585 923 2659 eumdem
938 2585 1032 2682 loqui
1049 2593 1082 2659 et
1101 2608 1203 2684 agere
1220 2585 1353 2676 credas,
1370 2595 1404 2662 et
1422 2609 1522 2683 paene

458 2709 667 2784 eiinclames
684 2718 719 2782 ut
738 2710 925 2783 autminus
945 2710 980 2782 in
1000 2710 1169 2808 loquendo
1187 2713 1310 2809 sapiet,
1333 2713 1523 2786 autminus

460 2836 494 2908 in
530 2835 663 2933 agendo
698 2834 854 2933 desipiat.
888 2835 985 2910 Adde
1018 2836 1110 2933 quod
1142 2837 1346 2934 Astaphium
1383 2839 1520 2929 ancilla,

459 2961 611 3034 etiamsi
638 2983 744 3056 quam
758 2959 1008 3047 dubitationem
1034 2962 1076 3036 de
1100 2961 1188 3035 veris
1216 2961 1395 3062 Phronesii
1415 2963 1522 3037 sensi-

459 3085 523 3158 bus
558 3085 753 3161 Dinarchus
782 3087 932 3161 retinere
965 3087 1079 3177 vellet,
1109 3087 1184 3184 ipsa
1213 3088 1355 3161 omnino
1383 3090 1523 3164 tolleret

371 3188 373 3191 ⁵
459 3218 579 3307 aperta
593 3211 760 3285 sermonis
776 3212 996 3308 protervitate
1018 3241 1026 3283 :
1051 3235 1133 3286 eum
1148 3212 1240 3286 enim
1260 3213 1331 3287 sine
1349 3215 1426 3287 ullis
1439 3215 1521 3312 opi-

432 3352 436 3362 ·
459 3335 523 3408 bus
546 3334 784 3410 advenientem
804 3334 946 3426 fastidit,
974 3359 1085 3411 meras
1112 3337 1347 3434 querimonias
1367 3339 1411 3412 ad
1435 3341 1523 3413 ami-

352 3532 357 3540 ,
460 3482 536 3533 cam
572 3459 773 3536 afferentem
808 3461 951 3535 mortuis
980 3470 1205 3553 annumerat,
1236 3486 1301 3538 neo
1329 3486 1428 3560 posse
1457 3465 1521 3537 nisi

429 3671 430 3676 η
460 3585 600 3659 divitem
642 3585 685 3659 ab
723 3586 808 3659 hera
845 3587 955 3660 amari
989 3587 1094 3661 etiam
1133 3595 1237 3686 atque
1269 3590 1372 3662 etiam
1410 3589 1524 3687 proli-

458 3699 564 3802 tetur,
578 3711 721 3809 jamque
736 3710 827 3785 dicta
840 3710 937 3786 factis
950 3711 1190 3810 comprobans,
1206 3711 1432 3808 Dinarchum,
1451 3724 1522 3790 sta-

459 3837 523 3908 tim
542 3845 581 3909 ut
601 3835 725 3911 fundos
746 3847 780 3912 et
798 3837 889 3913 aedes
906 3839 969 3911 sibi
991 3861 1167 3935 superesse
1194 3841 1384 3931 contendit,
1411 3841 1523 3916 verbis

459 3961 586 4034 amaris
613 3963 726 4037 subito
748 3962 849 4038 melle
876 3963 1029 4058 imbutis,
1046 3963 1171 4038 blande
1195 3965 1396 4062 alloquitur,
1419 3968 1522 4041 unice

458 4086 553 4178 diligi
582 4086 733 4177 dictitat,
755 4095 789 4161 et
812 4089 955 4162 domum
990 4111 1102 4185 nuper
1128 4089 1278 4164 clausam
1307 4091 1521 4190 ingrediatur

456 4211 680 4286 vehementer
693 4223 803 4311 rogat.
