3330 5258
913 411 1073 474 40..

506 557 645 632 Utinam
656 557 792 646 saltem,
806 579 915 654 quum
928 557 976 630 ite
987 556 1134 647 luderet,
1147 557 1243 655 jocos
1253 564 1389 632 tantum
1401 558 1522 633 intem-

458 684 605 781 pestivos
622 682 811 771 effudisset,
828 705 892 758 nec
906 691 1083 780 protervos
1102 692 1135 758 et
1148 683 1330 758 obscenos!
1351 685 1424 756 Hoc
1442 707 1522 758 vero

454 807 594 907 jocandi
612 831 733 907 genus,
760 832 867 906 quum
889 832 992 882 suum
1011 808 1075 906 ipsi
1098 809 1291 907 ingenium,
1320 831 1383 882 sua
1405 807 1523 882 infima
1584 851 1587 859 ·

457 932 620 1025 conditio,
640 939 674 1006 et
689 931 825 1007 assidua
843 956 922 1007 cum
944 933 1122 1030 plebecula
1147 932 1361 1008 cousuetudo
1385 933 1523 1008 uberius

457 1058 726 1157 suppeditarent,
746 1081 856 1156 quum
879 1059 1012 1158 majore
1037 1059 1108 1133 risu
1132 1059 1253 1157 vulgus
1274 1058 1461 1156 exciperet,
1490 1068 1523 1133 et

457 1183 521 1281 ipsi
548 1190 722 1259 senatores
747 1185 948 1282 equitesque
974 1206 1044 1258 nou
1070 1206 1191 1259 omnes
1210 1196 1426 1281 respuerent,
1453 1207 1521 1258 uon

416 1295 418 1299 ¹
457 1308 569 1406 potuit
582 1309 724 1382 Plautus
738 1331 806 1384 non
821 1308 952 1382 affatim
973 1309 1149 1384 adbibere.
1169 1309 1338 1384 Pseudolz'
1350 1309 1518 1400 fabulam,

457 1435 553 1508 istius
585 1434 677 1509 modi
703 1435 830 1509 salibus
847 1435 1113 1526 redundantem,
1138 1438 1184 1510 Μ.
1210 1437 1339 1511 Tullius
1362 1459 1521 1512 comme-

457 1569 581 1652 morat,
598 1567 634 1634 ut
654 1584 722 1658 qua
741 1562 863 1636 merito
880 1561 1047 1660 gauderet
1063 1562 1175 1636 Plauti
1188 1571 1344 1637 senectus
1359 1562 1425 1661 (l).
1455 1563 1521 1636 Cu-

457 1688 545 1776 sinc,
556 1686 726 1761 Pseudolo
738 1687 804 1762 bac
817 1688 851 1760 iu
866 1710 904 1763 re
921 1711 991 1763 uon
1010 1689 1134 1786 impar,
1150 1712 1259 1785 quum
1276 1691 1429 1785 primum
1448 1699 1522 1763 acta

459 1820 523 1900 est,
544 1834 663 1887 omnes
678 1811 811 1886 fabulas
832 1813 925 1900 vicit,
942 1821 989 1903 et,
1008 1813 1096 1887 sicut
1111 1814 1244 1903 vinum,
1265 1815 1374 1912 magis
1384 1837 1426 1888 ac
1446 1837 1522 1887 me-

459 1937 510 2036 gis
525 1936 734 2012 senescendo
749 1937 890 2033 placuit.
912 1939 1038 2012 Parum
1062 1938 1156 2013 abest
1175 1945 1212 2012 ut
1223 1940 1364 2012 Plautus
1380 1940 1415 2012 in
1433 1941 1521 2036 Cup-

459 2064 535 2135 ovis
553 2061 707 2136 fabulam
729 2062 978 2158 spectatoribus
998 2072 1138 2138 excuset
1156 2065 1250 2139 ouini
1272 2064 1520 2163 subegitatioue

458 2209 616 2277 vacuam,
657 2209 721 2261 neo
753 2196 866 2285 sperat
904 2189 1069 2272 nimirum
1110 2187 1250 2265 crebros
1287 2191 1428 2287 plausus
1458 2191 1520 2263 sibi

458 2312 578 2388 datum
615 2313 671 2403 iri,
705 2335 814 2411 quum
846 2306 1012 2411 plaudere
1044 2314 1145 2413 jubet
1175 2336 1232 2389 eos
1262 2324 1399 2390 tantum
1428 2346 1443 2383 u
1464 2317 1521 2414 qui

458 2438 632 2536 pudicitiae
647 2441 828 2535 praemium
849 2461 921 2514 esse
939 2441 1093 2516 velint».

507 2564 630 2638 Paucis
672 2562 765 2638 enim
802 2563 927 2660 pudico
969 2565 1110 2664 ingenio
1148 2566 1301 2663 praeditis
1340 2568 1523 2666 placebant

459 2711 594 2763 amores
617 2696 760 2763 venusta
790 2689 998 2764 verecundia
1028 2693 1228 2789 tempereti3
1263 2693 1375 2791 major
1406 2703 1520 2768 autem

458 2813 685 2911 spectantium
720 2836 884 2889 numerus
921 2838 942 2887 a
984 2815 1116 2890 comico
1154 2817 1320 2914 scriptore
1362 2819 1522 2915 poscebat

418 2941 422 2948 ’
458 2939 617 3025 lascivos,
652 2938 818 3030 audaces,
857 2939 983 3018 salibus
1022 2941 1179 3016 obscenis
1216 2941 1359 3030 feraces,
1400 2944 1522 3041 quibus

459 3064 613 3139 bumana
631 3064 779 3161 pravitas
807 3063 998 3139 delectatur
1022 3075 1057 3140 et
1088 3066 1241 3142 hilaritas
1270 3069 1421 3143 maxinra
1447 3094 1520 3144 mo-

459 3199 577 3278 vetur3
600 3189 653 3265 vel
681 3190 771 3264 inter
792 3190 939 3287 optimos
964 3191 1133 3289 quosdam
1157 3194 1321 3269 exstitisse
1349 3195 1521 3270 existima-

459 3315 580 3405 verim,
597 3315 656 3412 qui
679 3337 815 3389 morum
834 3316 974 3413 quidem
998 3316 1187 3394 foedimem
1211 3331 1427 3418 respuerent,
1455 3345 1521 3398 ser·
1628 3291 1633 3306 ⁸

457 3441 570 3515 monis
604 3449 721 3516 autem
750 3449 946 3538 protervam
981 3444 1200 3542 elegantiam,
1235 3454 1270 3520 et
1301 3447 1519 3544 purissimam

457 3565 693 3663 impuritatem
709 3565 918 3640 mirarentur
930 3589 972 3642 ac
988 3569 1187 3664 probarent.
1203 3572 1432 3669 Temporibus
1445 3595 1518 3647 ma·

456 3690 508 3790 gis
535 3692 692 3781 excultiS,
712 3692 825 3766 virum
858 3693 1076 3768 urbanissimi
1111 3695 1253 3794 ingenii,
1277 3699 1321 3772 M.
1350 3679 1515 3790 Tullium,

456 3815 584 3930 dupleu
597 3816 736 3914 jocandi
763 3839 872 3916 genus
888 3827 1049 3893 accurate
1072 3819 1351 3917 distinguentem,
1374 3851 1392 3890 u
1410 3847 1517 3898 unum

397 4074 399 4080 ν
454 4040 517 4091 tidio
531 4039 633 4105 rejicere
644 4040 749 4101 videtur,
765 4053 810 4089 nec
823 4039 881 4089 satis
894 4043 963 4090 curat
975 4042 1005 4090 ab
1019 4042 1148 4092 inurbants
1162 4043 1256 4105 lepidos
1271 4058 1403 4108 seponere²
1424 4045 1479 4112 (Ep.
1488 4047 1518 4098 ud

453 4121 565 4182 Pisones,
579 4139 603 4171 v.
617 4121 664 4171 270
678 4127 703 4171 et
718 4122 783 4183 sqq.)

485 4201 520 4266 (ll
537 4203 588 4252 cie.
607 4202 666 4254 Cot.
682 4201 713 4252 de
724 4203 859 4264 senectute,
872 4205 912 4264 tv,
927 4202 965 4255 ld.
