3330 5258
596 432 735 494 -l-

820 567 913 641 Euge!
928 567 1022 624 Funde
1038 574 1066 624 et
1080 567 1162 636 tedas,

274 657 326 714 Per
340 665 449 732 tempus
464 655 630 714 subvenistis
645 658 694 728 (l),

132 873 269 940 amator
296 867 480 957 exclamat,
505 887 609 940 causa
640 865 838 940 mutationis
861 864 997 940 facilius
1021 873 1197 963 percepta,

132 1015 198 1066 nec
211 1000 327 1068 tamen
344 992 526 1066 blanditias
535 992 666 1087 respuit
677 1014 762 1088 quas
780 992 830 1066 rei
843 1015 928 1085 suae,
949 1014 1018 1066 nou
1033 991 1111 1082 sihi,
1126 991 1200 1065 dari

132 1141 196 1216 pro
218 1117 398 1192 manifesto
424 1119 541 1208 habet,
568 1139 632 1192 neo
658 1117 858 1217 indignatur
882 1117 985 1191 simul
1010 1116 1155 1192 audiens
1180 1139 1202 1190 a

132 1245 322 1319 Phronesio
351 1243 511 1319 seuniae
537 1242 660 1334 amari,
686 1267 834 1341 eamque
861 1267 881 1320 c
912 1243 1021 1319 milite
1048 1242 1201 1342 Babylo-

134 1370 243 1444 nieusi
258 1393 371 1467 nuper
384 1369 519 1444 enixam
536 1368 658 1459 luisse;
682 1370 766 1457 imo,
787 1391 897 1468 quum
915 1370 1066 1443 amicam
1084 1369 1132 1442 ita
1148 1372 1201 1443 sui

132 1496 316 1594 prodigam
329 1495 420 1571 videt
448 1494 680 1586 incedentem,
708 1517 778 1570 non
801 1502 914 1592 potest
939 1495 1024 1593 quin
1044 1495 1199 1570 suauissi-

134 1622 199 1694 mis
221 1621 332 1696 verbis
347 1643 425 1695 eam
439 1620 609 1716 excipiat:
726 1715 729 1726 Ι

664 1824 717 1880 Ver
732 1824 811 1881 videl

277 1915 311 1973 Ut
324 1923 381 1972 tota
395 1914 492 1971 floret!
509 1922 538 1970 ut
553 1913 626 1970 olet!
643 1922 673 1970 ut
687 1914 772 1970 nitide
786 1915 872 1971 nitet!

134 2156 246 2243 Quam
282 2150 385 2226 modo
417 2158 560 2249 propter
593 2147 706 2225 mores
738 2149 849 2225 loedos
886 2151 1014 2225 vulturi
1045 2152 1200 2248 praedam

135 2276 308 2353 olfacienti
327 2275 564 2373 comparabat,
586 2298 679 2349 nnnc
698 2306 712 2342 α
737 2298 796 2350 ver
812 2298 949 2350 merum
969 2305 986 2346 a
1003 2275 1142 2368 salutat,
1167 2287 1202 2353 et

135 2405 171 2476 in
190 2425 335 2500 corpore
353 2401 505 2492 formoso
525 2410 664 2499 turpem
688 2401 845 2476 animum
870 2402 977 2478 latere
999 2403 1052 2478 vel
1077 2426 1201 2501 parum

135 2528 306 2621 meminit,
324 2529 375 2602 vel
390 2550 512 2625 parum
525 2535 635 2601 curat.

184 2655 268 2753 Ejus
278 2654 391 2752 prima
401 2653 536 2728 fastidia
547 2653 667 2730 leviter
679 2653 861 2753 castigans,
874 2654 1000 2742 oscula,
1011 2653 1096 2729 dum
1107 2655 1200 2745 licet,

135 2779 343 2856 fortunatior
357 2782 453 2869 Jove,
477 2802 582 2876 quam
610 2780 760 2877 plurima
783 2779 902 2870 sumit,
928 2787 964 2854 ct
989 2780 1200 2872 mercedem,

136 2906 259 2982 osculis
287 2905 341 2979 vix
368 2904 526 3001 sumptis,
550 2904 664 2978 statim
686 2904 940 3001 expostulatum
959 2905 1065 2979 alacri
1086 2913 1203 2980 mente

135 3031 317 3132 promittit.
341 3030 471 3104 Aminea
491 3029 685 3106 confitentis
702 3053 738 3104 se
758 3029 843 3104 lalso
864 3031 1036 3128 peperisse
1057 3036 1092 3105 et
1111 3053 1204 3128 pue-

135 3181 216 3232 rum
237 3156 422 3255 diripiendi
443 3155 700 3255 Babyloniensis
726 3155 843 3229 militis
861 3178 967 3231 causa
988 3157 1205 3254 supposuisse

135 3304 331 3358 sermonem
346 3281 393 3355 ita
412 3289 571 3378 apertum
593 3281 709 3378 magni
733 3303 817 3380 erga
839 3304 875 3356 se
898 3283 1027 3356 amoris
1051 3282 1204 3357 certissi-

137 3407 349 3482 mumhebel
361 3409 427 3505 (2),
438 3408 557 3506 etjam
569 3414 730 3481 mutuum
742 3429 898 3482 amorem
913 3408 1072 3482 maximis
1084 3431 1206 3484 munc-

138 3533 235 3608 ribus
248 3531 423 3606 mittendis
435 3531 579 3608 reddere
595 3533 707 3633 gestit.
726 3533 1000 3630 Curnonpotius
1011 3534 1159 3608 miratur
1172 3541 1207 3608 et

137 3657 326 3735 meditatur
344 3658 448 3733 etiam
458 3659 609 3756 apertius
618 3657 796 3734 Ph'ronesii
812 3681 1015 3757 responsum
1029 3682 1098 3758 quo
1108 3681 1207 3734 suam

138 3783 640 3881 avaritiamtotampatclacit:
1267 3783 1269 3786 ’

170 4069 207 4136 (l)
228 4069 402 4128 eructemus,
417 4066 469 4128 Μ.

172 4151 206 4216 (2)
348 4149 463 4198 Ostendit
477 4146 595 4210 sesejam
605 4146 668 4196 mihi
682 4147 824 4198 medullitus

349 4231 381 4279 Sc
392 4229 454 4278 mihi
468 4228 595 4278 infidelem
606 4242 750 4292 numquam,
761 4243 790 4280 se
801 4229 866 4290 uiua,
879 4230 939 4280 lore.
