<?xml version="1.0" encoding="UTF-8"?>
<!DOCTYPE html PUBLIC "-//W3C//DTD XHTML 1.0 Transitional//EN"
    "http://www.w3.org/TR/xhtml1/DTD/xhtml1-transitional.dtd">
<html xmlns="http://www.w3.org/1999/xhtml" xml:lang="en" lang="en">
 <head>
  <title>
</title>
<meta http-equiv="Content-Type" content="text/html;charset=utf-8" />
  <meta name='ocr-system' content='tesseract 3.04.00' />
  <meta name='ocr-capabilities' content='ocr_page ocr_carea ocr_par ocr_line ocrx_word'/>
</head>
<body>
  <div class='ocr_page' id='page_1' title='image "./deplautinisette01bertgoog_0038.png"; bbox 0 0 3330 5258; ppageno 0'>
   <div class='ocr_carea' id='block_1_1' title="bbox 599 427 755 488">
    <p class='ocr_par' dir='ltr' id='par_1_1' title="bbox 599 427 755 488">
     <span class='ocr_line' id='line_1_1' title="bbox 599 427 755 488; baseline 0 -16"><span class='ocrx_word' id='word_1_1' title='bbox 599 427 755 488; x_wconf 62' lang='lat' dir='ltr'>-pp-</span> 
     </span>
    </p>
   </div>
   <div class='ocr_carea' id='block_1_2' title="bbox 138 563 1330 1168">
    <p class='ocr_par' dir='ltr' id='par_1_2' title="bbox 138 563 1330 1168">
     <span class='ocr_line' id='line_1_2' title="bbox 139 563 1330 666; baseline -0.005 -26"><span class='ocrx_word' id='word_1_2' title='bbox 139 569 252 666; x_wconf 88' lang='lat' dir='ltr'>plum.</span> <span class='ocrx_word' id='word_1_3' title='bbox 289 566 395 640; x_wconf 86' lang='lat' dir='ltr'>llulta</span> <span class='ocrx_word' id='word_1_4' title='bbox 423 564 562 662; x_wconf 91' lang='lat' dir='ltr'>quidem</span> <span class='ocrx_word' id='word_1_5' title='bbox 589 571 762 660; x_wconf 83' lang='lat' dir='ltr'>praerepta</span> <span class='ocrx_word' id='word_1_6' title='bbox 795 563 987 659; x_wconf 76' lang='lat' dir='ltr'>sapientia,</span> <span class='ocrx_word' id='word_1_7' title='bbox 1019 572 1056 636; x_wconf 89' lang='lat' dir='ltr'>ut</span> <span class='ocrx_word' id='word_1_8' title='bbox 1090 563 1210 650; x_wconf 83' lang='lat' dir='ltr'>aeteri,</span> <span class='ocrx_word' id='word_1_9' title='bbox 1326 621 1330 634; x_wconf 86' lang='lat'>.</span> 
     </span>
     <span class='ocr_line' id='line_1_3' title="bbox 138 685 1212 788; baseline -0.006 -20"><span class='ocrx_word' id='word_1_10' title='bbox 138 692 231 780; x_wconf 89' lang='lat' dir='ltr'>edit;</span> <span class='ocrx_word' id='word_1_11' title='bbox 246 693 329 783; x_wconf 90' lang='lat' dir='ltr'>imo,</span> <span class='ocrx_word' id='word_1_12' title='bbox 342 713 419 788; x_wconf 82' lang='lat' dir='ltr'>quta</span> <span class='ocrx_word' id='word_1_13' title='bbox 434 689 533 764; x_wconf 88' lang='lat' dir='ltr'>docet</span> <span class='ocrx_word' id='word_1_14' title='bbox 547 685 741 774; x_wconf 83' lang='lat' dir='ltr'>efficienda,</span> <span class='ocrx_word' id='word_1_15' title='bbox 755 685 874 762; x_wconf 85' lang='lat' dir='ltr'>allicit.</span> <span class='ocrx_word' id='word_1_16' title='bbox 890 688 964 784; x_wconf 91' lang='lat' dir='ltr'>lpse</span> <span class='ocrx_word' id='word_1_17' title='bbox 978 695 1109 776; x_wconf 90' lang='lat' dir='ltr'>autem,</span> <span class='ocrx_word' id='word_1_18' title='bbox 1128 686 1212 762; x_wconf 92' lang='lat' dir='ltr'>dum</span> 
     </span>
     <span class='ocr_line' id='line_1_4' title="bbox 139 811 1215 912; baseline -0.006 -20"><span class='ocrx_word' id='word_1_19' title='bbox 139 817 273 893; x_wconf 88' lang='lat' dir='ltr'>amoris</span> <span class='ocrx_word' id='word_1_20' title='bbox 288 816 430 891; x_wconf 90' lang='lat' dir='ltr'>verbum</span> <span class='ocrx_word' id='word_1_21' title='bbox 457 823 613 912; x_wconf 86' lang='lat' dir='ltr'>usurpat,</span> <span class='ocrx_word' id='word_1_22' title='bbox 641 812 726 887; x_wconf 89' lang='lat' dir='ltr'>nihil</span> <span class='ocrx_word' id='word_1_23' title='bbox 743 811 838 886; x_wconf 88' lang='lat' dir='ltr'>aliud</span> <span class='ocrx_word' id='word_1_24' title='bbox 857 811 1027 911; x_wconf 80' lang='lat' dir='ltr'>signifieat</span> <span class='ocrx_word' id='word_1_25' title='bbox 1053 812 1116 886; x_wconf 91' lang='lat' dir='ltr'>nisi</span> <span class='ocrx_word' id='word_1_26' title='bbox 1136 813 1215 886; x_wconf 87' lang='lat' dir='ltr'>libi·</span> 
     </span>
     <span class='ocr_line' id='line_1_5' title="bbox 141 937 1214 1034; baseline -0.005 -17"><span class='ocrx_word' id='word_1_27' title='bbox 141 943 277 1028; x_wconf 90' lang='lat' dir='ltr'>dinem,</span> <span class='ocrx_word' id='word_1_28' title='bbox 295 949 330 1016; x_wconf 88' lang='lat' dir='ltr'>et</span> <span class='ocrx_word' id='word_1_29' title='bbox 355 964 375 1015; x_wconf 88' lang='lat' dir='ltr'>a</span> <span class='ocrx_word' id='word_1_30' title='bbox 399 948 595 1016; x_wconf 85' lang='lat' dir='ltr'>ceterorum</span> <span class='ocrx_word' id='word_1_31' title='bbox 614 938 791 1013; x_wconf 90' lang='lat' dir='ltr'>amoribus</span> <span class='ocrx_word' id='word_1_32' title='bbox 813 937 1024 1034; x_wconf 77' lang='lat' dir='ltr'>discrepans,</span> <span class='ocrx_word' id='word_1_33' title='bbox 1052 961 1125 1014; x_wconf 88' lang='lat' dir='ltr'>rem</span> <span class='ocrx_word' id='word_1_34' title='bbox 1151 937 1214 1013; x_wconf 83' lang='lat' dir='ltr'>in-</span> 
     </span>
     <span class='ocr_line' id='line_1_6' title="bbox 140 1063 1017 1168; baseline -0.005 -26"><span class='ocrx_word' id='word_1_35' title='bbox 140 1068 283 1168; x_wconf 81' lang='lat' dir='ltr'>giendo,</span> <span class='ocrx_word' id='word_1_36' title='bbox 302 1068 440 1142; x_wconf 89' lang='lat' dir='ltr'>illorum</span> <span class='ocrx_word' id='word_1_37' title='bbox 457 1087 575 1141; x_wconf 88' lang='lat' dir='ltr'>sensus</span> <span class='ocrx_word' id='word_1_38' title='bbox 593 1063 711 1154; x_wconf 77' lang='lat' dir='ltr'>refert,</span> <span class='ocrx_word' id='word_1_39' title='bbox 729 1087 804 1138; x_wconf 88' lang='lat' dir='ltr'>earn</span> <span class='ocrx_word' id='word_1_40' title='bbox 822 1063 990 1139; x_wconf 80' lang='lat' dir='ltr'>deliniens</span> <span class='ocrx_word' id='word_1_41' title='bbox 1009 1089 1017 1138; x_wconf 91' lang='lat'>:</span> 
     </span>
    </p>
   </div>
   <div class='ocr_carea' id='block_1_3' title="bbox 360 1305 989 1560">
    <p class='ocr_par' dir='ltr' id='par_1_3' title="bbox 360 1305 989 1560">
     <span class='ocr_line' id='line_1_7' title="bbox 362 1305 931 1381; baseline -0.005 -17"><span class='ocrx_word' id='word_1_42' title='bbox 362 1307 641 1381; x_wconf 79' lang='lat' dir='ltr'>lllandiloquentnluS,</span> <span class='ocrx_word' id='word_1_43' title='bbox 656 1305 789 1380; x_wconf 81' lang='lat' dir='ltr'>harpago,</span> <span class='ocrx_word' id='word_1_44' title='bbox 806 1307 931 1373; x_wconf 81' lang='lat' dir='ltr'>inaudax,</span> 
     </span>
     <span class='ocr_line' id='line_1_8' title="bbox 360 1395 929 1472; baseline -0.007 -18"><span class='ocrx_word' id='word_1_45' title='bbox 360 1399 477 1472; x_wconf 79' lang='lat' dir='ltr'>Cuppes,</span> <span class='ocrx_word' id='word_1_46' title='bbox 492 1414 598 1465; x_wconf 85' lang='lat' dir='ltr'>avarus,</span> <span class='ocrx_word' id='word_1_47' title='bbox 613 1395 734 1470; x_wconf 79' lang='lat' dir='ltr'>elegans,</span> <span class='ocrx_word' id='word_1_48' title='bbox 750 1395 929 1471; x_wconf 73' lang='lat' dir='ltr'>despoliatos,</span> 
     </span>
     <span class='ocr_line' id='line_1_9' title="bbox 363 1484 989 1560; baseline -0.01 -14"><span class='ocrx_word' id='word_1_49' title='bbox 363 1485 594 1546; x_wconf 63' lang='lat' dir='ltr'>ltatabrirolarum</span> <span class='ocrx_word' id='word_1_50' title='bbox 608 1485 745 1543; x_wconf 89' lang='lat' dir='ltr'>hominnm</span> <span class='ocrx_word' id='word_1_51' title='bbox 761 1492 914 1560; x_wconf 86' lang='lat' dir='ltr'>corruptor.</span> <span class='ocrx_word' id='word_1_52' title='bbox 931 1484 989 1543; x_wconf 85' lang='lat' dir='ltr'>Etr.</span> 
     </span>
    </p>
   </div>
   <div class='ocr_carea' id='block_1_4' title="bbox 143 1669 1215 2022">
    <p class='ocr_par' dir='ltr' id='par_1_4' title="bbox 143 1669 1215 2022">
     <span class='ocr_line' id='line_1_10' title="bbox 143 1669 1214 1748; baseline -0.007 0"><span class='ocrx_word' id='word_1_53' title='bbox 143 1671 264 1748; x_wconf 82' lang='lat' dir='ltr'>&#39;l&#39;alem</span> <span class='ocrx_word' id='word_1_54' title='bbox 294 1671 326 1745; x_wconf 94' lang='lat' dir='ltr'>in</span> <span class='ocrx_word' id='word_1_55' title='bbox 355 1693 510 1746; x_wconf 85' lang='lat' dir='ltr'>aurorem</span> <span class='ocrx_word' id='word_1_56' title='bbox 534 1670 646 1745; x_wconf 84' lang='lat' dir='ltr'>vivide</span> <span class='ocrx_word' id='word_1_57' title='bbox 671 1678 706 1745; x_wconf 92' lang='lat' dir='ltr'>et</span> <span class='ocrx_word' id='word_1_58' title='bbox 727 1670 852 1744; x_wconf 85' lang='lat' dir='ltr'>aeriter</span> <span class='ocrx_word' id='word_1_59' title='bbox 878 1670 1033 1744; x_wconf 84' lang='lat' dir='ltr'>inventus</span> <span class='ocrx_word' id='word_1_60' title='bbox 1055 1669 1142 1742; x_wconf 88' lang='lat' dir='ltr'>duas</span> <span class='ocrx_word' id='word_1_61' title='bbox 1159 1691 1214 1742; x_wconf 91' lang='lat' dir='ltr'>res</span> 
     </span>
     <span class='ocr_line' id='line_1_11' title="bbox 146 1794 1209 1899; baseline -0.002 -29"><span class='ocrx_word' id='word_1_62' title='bbox 146 1806 283 1871; x_wconf 90' lang='lat' dir='ltr'>tantum</span> <span class='ocrx_word' id='word_1_63' title='bbox 315 1819 395 1872; x_wconf 87' lang='lat' dir='ltr'>eum</span> <span class='ocrx_word' id='word_1_64' title='bbox 432 1819 473 1872; x_wconf 91' lang='lat' dir='ltr'>eo</span> <span class='ocrx_word' id='word_1_65' title='bbox 501 1797 705 1899; x_wconf 78' lang='lat' dir='ltr'>conjunc-tas</span> <span class='ocrx_word' id='word_1_66' title='bbox 738 1817 780 1870; x_wconf 88' lang='lat' dir='ltr'>ex</span> <span class='ocrx_word' id='word_1_67' title='bbox 808 1794 1031 1869; x_wconf 76' lang='lat' dir='ltr'>insectatione</span> <span class='ocrx_word' id='word_1_68' title='bbox 1064 1794 1209 1892; x_wconf 82' lang='lat' dir='ltr'>exeipit,</span> 
     </span>
     <span class='ocr_line' id='line_1_12' title="bbox 146 1919 1215 2022; baseline 0.001 -26"><span class='ocrx_word' id='word_1_69' title='bbox 146 1931 182 1996; x_wconf 91' lang='lat' dir='ltr'>et</span> <span class='ocrx_word' id='word_1_70' title='bbox 200 1921 264 1995; x_wconf 87' lang='lat' dir='ltr'>sibi</span> <span class='ocrx_word' id='word_1_71' title='bbox 283 1945 356 1996; x_wconf 88' lang='lat' dir='ltr'>esse</span> <span class='ocrx_word' id='word_1_72' title='bbox 371 1921 465 1998; x_wconf 90' lang='lat' dir='ltr'>eordi</span> <span class='ocrx_word' id='word_1_73' title='bbox 493 1920 637 2011; x_wconf 89' lang='lat' dir='ltr'>latetur;</span> <span class='ocrx_word' id='word_1_74' title='bbox 665 1944 744 2022; x_wconf 87' lang='lat' dir='ltr'>quae</span> <span class='ocrx_word' id='word_1_75' title='bbox 768 1919 837 1996; x_wconf 87' lang='lat' dir='ltr'>sint</span> <span class='ocrx_word' id='word_1_76' title='bbox 856 1923 976 2018; x_wconf 74' lang='lat' dir='ltr'>rogas?</span> <span class='ocrx_word' id='word_1_77' title='bbox 996 1919 1151 1999; x_wconf 85' lang='lat' dir='ltr'>convivia</span> <span class='ocrx_word' id='word_1_78' title='bbox 1180 1927 1215 1997; x_wconf 89' lang='lat' dir='ltr'>et</span> 
     </span>
    </p>
   </div>
   <div class='ocr_carea' id='block_1_5' title="bbox 146 2048 347 2150">
    <p class='ocr_par' dir='ltr' id='par_1_5' title="bbox 146 2048 347 2150">
     <span class='ocr_line' id='line_1_13' title="bbox 146 2048 347 2150; baseline 0.02 -29"><span class='ocrx_word' id='word_1_79' title='bbox 146 2048 347 2150; x_wconf 85' lang='lat' dir='ltr'>potationes.</span> 
     </span>
    </p>
   </div>
   <div class='ocr_carea' id='block_1_6' title="bbox 359 2184 1053 2440">
    <p class='ocr_par' dir='ltr' id='par_1_6' title="bbox 359 2184 1053 2440">
     <span class='ocr_line' id='line_1_14' title="bbox 644 2184 789 2256; baseline -0.014 -16"><span class='ocrx_word' id='word_1_80' title='bbox 644 2184 737 2256; x_wconf 78' lang='lat' dir='ltr'>Apage</span> <span class='ocrx_word' id='word_1_81' title='bbox 753 2189 789 2250; x_wconf 91' lang='lat' dir='ltr'>te,</span> 
     </span>
     <span class='ocr_line' id='line_1_15' title="bbox 359 2270 855 2349; baseline -0.004 -19"><span class='ocrx_word' id='word_1_82' title='bbox 359 2275 451 2345; x_wconf 89' lang='lat' dir='ltr'>llmnr,</span> <span class='ocrx_word' id='word_1_83' title='bbox 466 2290 521 2330; x_wconf 91' lang='lat' dir='ltr'>non</span> <span class='ocrx_word' id='word_1_84' title='bbox 535 2273 637 2349; x_wconf 82' lang='lat' dir='ltr'>places,</span> <span class='ocrx_word' id='word_1_85' title='bbox 652 2270 719 2328; x_wconf 90' lang='lat' dir='ltr'>nihil</span> <span class='ocrx_word' id='word_1_86' title='bbox 735 2281 761 2330; x_wconf 91' lang='lat' dir='ltr'>te</span> <span class='ocrx_word' id='word_1_87' title='bbox 773 2280 855 2330; x_wconf 89' lang='lat' dir='ltr'>utor:</span> 
     </span>
     <span class='ocr_line' id='line_1_16' title="bbox 360 2361 1053 2440; baseline -0.001 -19"><span class='ocrx_word' id='word_1_88' title='bbox 360 2363 528 2440; x_wconf 78' lang='lat' dir='ltr'>Quamquam</span> <span class='ocrx_word' id='word_1_89' title='bbox 541 2362 608 2420; x_wconf 88' lang='lat' dir='ltr'>illud</span> <span class='ocrx_word' id='word_1_90' title='bbox 619 2371 659 2420; x_wconf 88' lang='lat' dir='ltr'>est</span> <span class='ocrx_word' id='word_1_91' title='bbox 671 2362 760 2434; x_wconf 83' lang='lat' dir='ltr'>dulae,</span> <span class='ocrx_word' id='word_1_92' title='bbox 775 2379 835 2420; x_wconf 87' lang='lat' dir='ltr'>asse</span> <span class='ocrx_word' id='word_1_93' title='bbox 848 2363 876 2420; x_wconf 83' lang='lat' dir='ltr'>e&#39;t</span> <span class='ocrx_word' id='word_1_94' title='bbox 894 2361 990 2420; x_wconf 79' lang='lat' dir='ltr'>lrilrero</span> <span class='ocrx_word' id='word_1_95' title='bbox 1003 2363 1053 2436; x_wconf 84' lang='lat' dir='ltr'>(l).</span> 
     </span>
    </p>
   </div>
   <div class='ocr_carea' id='block_1_7' title="bbox 137 2547 1258 3774">
    <p class='ocr_par' dir='ltr' id='par_1_7' title="bbox 137 2547 1258 3774">
     <span class='ocr_line' id='line_1_17' title="bbox 137 2547 1258 2644; baseline 0 -24"><span class='ocrx_word' id='word_1_96' title='bbox 137 2551 140 2558; x_wconf 89' lang='lat'>&#39;</span> <span class='ocrx_word' id='word_1_97' title='bbox 195 2548 305 2636; x_wconf 86' lang='lat' dir='ltr'>Quem</span> <span class='ocrx_word' id='word_1_98' title='bbox 319 2555 523 2638; x_wconf 80' lang='lat' dir='ltr'>amatorem,</span> <span class='ocrx_word' id='word_1_99' title='bbox 541 2557 590 2622; x_wconf 89' lang='lat' dir='ltr'>tot</span> <span class='ocrx_word' id='word_1_100' title='bbox 605 2548 729 2622; x_wconf 87' lang='lat' dir='ltr'>labnlis</span> <span class='ocrx_word' id='word_1_101' title='bbox 746 2547 914 2622; x_wconf 71' lang='lat' dir='ltr'>Plautinis</span> <span class='ocrx_word' id='word_1_102' title='bbox 931 2547 1104 2644; x_wconf 87' lang='lat' dir='ltr'>inspectis,</span> <span class='ocrx_word' id='word_1_103' title='bbox 1130 2567 1216 2620; x_wconf 88' lang='lat' dir='ltr'>sern-</span> <span class='ocrx_word' id='word_1_104' title='bbox 1252 2567 1258 2579; x_wconf 94' lang='lat'><strong>·</strong></span> 
     </span>
     <span class='ocr_line' id='line_1_18' title="bbox 147 2671 1211 2771; baseline -0.003 -24"><span class='ocrx_word' id='word_1_105' title='bbox 147 2695 210 2771; x_wconf 89' lang='lat' dir='ltr'>per</span> <span class='ocrx_word' id='word_1_106' title='bbox 228 2671 406 2748; x_wconf 82' lang='lat' dir='ltr'>absentem</span> <span class='ocrx_word' id='word_1_107' title='bbox 423 2673 671 2764; x_wconf 82' lang='lat' dir='ltr'>desideramus,</span> <span class='ocrx_word' id='word_1_108' title='bbox 694 2677 727 2747; x_wconf 93' lang='lat' dir='ltr'>in</span> <span class='ocrx_word' id='word_1_109' title='bbox 749 2674 819 2748; x_wconf 89' lang='lat' dir='ltr'>sola</span> <span class='ocrx_word' id='word_1_110' title='bbox 847 2674 1052 2747; x_wconf 70' lang='lat' dir='ltr'>(inradiare</span> <span class='ocrx_word' id='word_1_111' title='bbox 1074 2671 1211 2748; x_wconf 85' lang='lat' dir='ltr'>tandem</span> 
     </span>
     <span class='ocr_line' id='line_1_19' title="bbox 147 2797 1211 2898; baseline 0 -27"><span class='ocrx_word' id='word_1_112' title='bbox 147 2798 353 2874; x_wconf 88' lang='lat' dir='ltr'>invenimus.</span> <span class='ocrx_word' id='word_1_113' title='bbox 370 2805 472 2874; x_wconf 73' lang='lat' dir='ltr'>durat</span> <span class='ocrx_word' id='word_1_114' title='bbox 492 2799 632 2898; x_wconf 83' lang='lat' dir='ltr'>quidem</span> <span class='ocrx_word' id='word_1_115' title='bbox 642 2799 870 2874; x_wconf 75' lang='lat' dir='ltr'>Phaedromus</span> <span class='ocrx_word' id='word_1_116' title='bbox 887 2799 921 2872; x_wconf 90' lang='lat' dir='ltr'>in</span> <span class='ocrx_word' id='word_1_117' title='bbox 941 2799 1078 2874; x_wconf 87' lang='lat' dir='ltr'>lenonia</span> <span class='ocrx_word' id='word_1_118' title='bbox 1092 2797 1211 2886; x_wconf 91' lang='lat' dir='ltr'>domo,</span> 
     </span>
     <span class='ocr_line' id='line_1_20' title="bbox 147 2921 1214 3022; baseline -0.002 -24"><span class='ocrx_word' id='word_1_119' title='bbox 147 2921 207 2998; x_wconf 90' lang='lat' dir='ltr'>sed</span> <span class='ocrx_word' id='word_1_120' title='bbox 230 2924 410 2998; x_wconf 91' lang='lat' dir='ltr'>mulierem</span> <span class='ocrx_word' id='word_1_121' title='bbox 431 2946 559 3022; x_wconf 81' lang='lat' dir='ltr'>genere</span> <span class='ocrx_word' id='word_1_122' title='bbox 582 2935 615 2999; x_wconf 85' lang='lat' dir='ltr'>ot</span> <span class='ocrx_word' id='word_1_123' title='bbox 635 2924 790 3000; x_wconf 86' lang='lat' dir='ltr'>sensibus</span> <span class='ocrx_word' id='word_1_124' title='bbox 809 2947 913 3021; x_wconf 87' lang='lat' dir='ltr'>supra</span> <span class='ocrx_word' id='word_1_125' title='bbox 934 2934 1068 3020; x_wconf 90' lang='lat' dir='ltr'>turpem</span> <span class='ocrx_word' id='word_1_126' title='bbox 1088 2923 1214 2996; x_wconf 87' lang='lat' dir='ltr'>eondi-</span> 
     </span>
     <span class='ocr_line' id='line_1_21' title="bbox 146 3046 1213 3146; baseline 0.001 -25"><span class='ocrx_word' id='word_1_127' title='bbox 146 3047 276 3122; x_wconf 89' lang='lat' dir='ltr'>tionem</span> <span class='ocrx_word' id='word_1_128' title='bbox 297 3047 437 3140; x_wconf 86' lang='lat' dir='ltr'>elatam,</span> <span class='ocrx_word' id='word_1_129' title='bbox 456 3059 490 3125; x_wconf 89' lang='lat' dir='ltr'>et</span> <span class='ocrx_word' id='word_1_130' title='bbox 511 3051 620 3124; x_wconf 81' lang='lat' dir='ltr'>amor-i</span> <span class='ocrx_word' id='word_1_131' title='bbox 643 3072 703 3124; x_wconf 89' lang='lat' dir='ltr'>suo</span> <span class='ocrx_word' id='word_1_132' title='bbox 728 3049 1008 3146; x_wconf 82' lang='lat' dir='ltr'>respondentem.</span> <span class='ocrx_word' id='word_1_133' title='bbox 1037 3046 1213 3122; x_wconf 90' lang='lat' dir='ltr'>Pudnrem</span> 
     </span>
     <span class='ocr_line' id='line_1_22' title="bbox 147 3173 1214 3272; baseline 0.002 -26"><span class='ocrx_word' id='word_1_134' title='bbox 147 3173 223 3271; x_wconf 85' lang='lat' dir='ltr'>ejus</span> <span class='ocrx_word' id='word_1_135' title='bbox 251 3173 418 3249; x_wconf 77' lang='lat' dir='ltr'>inlautum</span> <span class='ocrx_word' id='word_1_136' title='bbox 443 3175 495 3249; x_wconf 91' lang='lat' dir='ltr'>vel</span> <span class='ocrx_word' id='word_1_137' title='bbox 521 3185 656 3250; x_wconf 88' lang='lat' dir='ltr'>tanturn</span> <span class='ocrx_word' id='word_1_138' title='bbox 686 3175 819 3272; x_wconf 86' lang='lat' dir='ltr'>aliquot</span> <span class='ocrx_word' id='word_1_139' title='bbox 850 3174 951 3248; x_wconf 89' lang='lat' dir='ltr'>saviis</span> <span class='ocrx_word' id='word_1_140' title='bbox 987 3174 1106 3248; x_wconf 88' lang='lat' dir='ltr'>laesum</span> <span class='ocrx_word' id='word_1_141' title='bbox 1143 3173 1214 3270; x_wconf 88' lang='lat' dir='ltr'>ipse</span> 
     </span>
     <span class='ocr_line' id='line_1_23' title="bbox 148 3285 1211 3397; baseline 0.002 -26"><span class='ocrx_word' id='word_1_142' title='bbox 148 3296 242 3372; x_wconf 89' lang='lat' dir='ltr'>laudi</span> <span class='ocrx_word' id='word_1_143' title='bbox 280 3285 400 3389; x_wconf 80' lang='lat' dir='ltr'>vertit,</span> <span class='ocrx_word' id='word_1_144' title='bbox 432 3300 494 3374; x_wconf 91' lang='lat' dir='ltr'>etsi</span> <span class='ocrx_word' id='word_1_145' title='bbox 528 3301 597 3374; x_wconf 90' lang='lat' dir='ltr'>suis</span> <span class='ocrx_word' id='word_1_146' title='bbox 631 3298 876 3397; x_wconf 84' lang='lat' dir='ltr'>cupiditatibus</span> <span class='ocrx_word' id='word_1_147' title='bbox 901 3297 1211 3396; x_wconf 89' lang='lat' dir='ltr'>impedimentum.</span> 
     </span>
     <span class='ocr_line' id='line_1_24' title="bbox 147 3422 1213 3523; baseline 0 -25"><span class='ocrx_word' id='word_1_148' title='bbox 147 3425 275 3499; x_wconf 88' lang='lat' dir='ltr'>Fronte</span> <span class='ocrx_word' id='word_1_149' title='bbox 301 3422 430 3514; x_wconf 87' lang='lat' dir='ltr'>hilaris,</span> <span class='ocrx_word' id='word_1_150' title='bbox 456 3426 572 3499; x_wconf 90' lang='lat' dir='ltr'>animo</span> <span class='ocrx_word' id='word_1_151' title='bbox 599 3424 762 3515; x_wconf 69' lang='lat' dir='ltr'>fervidus</span> <span class='ocrx_word' id='word_1_152' title='bbox 791 3425 928 3523; x_wconf 74' lang='lat' dir='ltr'>ingenio</span> <span class='ocrx_word' id='word_1_153' title='bbox 952 3433 1130 3510; x_wconf 91' lang='lat' dir='ltr'>venustus,</span> <span class='ocrx_word' id='word_1_154' title='bbox 1162 3424 1213 3498; x_wconf 92' lang='lat' dir='ltr'>sui</span> 
     </span>
     <span class='ocr_line' id='line_1_25' title="bbox 149 3549 1210 3648; baseline 0 -26"><span class='ocrx_word' id='word_1_155' title='bbox 149 3549 277 3622; x_wconf 90' lang='lat' dir='ltr'>umoris</span> <span class='ocrx_word' id='word_1_156' title='bbox 303 3550 463 3626; x_wconf 91' lang='lat' dir='ltr'>ardorem</span> <span class='ocrx_word' id='word_1_157' title='bbox 491 3573 649 3625; x_wconf 92' lang='lat' dir='ltr'>sermone</span> <span class='ocrx_word' id='word_1_158' title='bbox 680 3549 855 3648; x_wconf 88' lang='lat' dir='ltr'>leporibus</span> <span class='ocrx_word' id='word_1_159' title='bbox 890 3549 1023 3624; x_wconf 90' lang='lat' dir='ltr'>imbuto</span> <span class='ocrx_word' id='word_1_160' title='bbox 1055 3556 1210 3625; x_wconf 86' lang='lat' dir='ltr'>testatur.</span> 
     </span>
     <span class='ocr_line' id='line_1_26' title="bbox 149 3674 1216 3774; baseline -0.001 -26"><span class='ocrx_word' id='word_1_161' title='bbox 149 3676 250 3748; x_wconf 88' lang='lat' dir='ltr'>Hune</span> <span class='ocrx_word' id='word_1_162' title='bbox 261 3675 342 3749; x_wconf 88' lang='lat' dir='ltr'>andi</span> <span class='ocrx_word' id='word_1_163' title='bbox 360 3674 497 3765; x_wconf 86' lang='lat' dir='ltr'>domus,</span> <span class='ocrx_word' id='word_1_164' title='bbox 510 3676 544 3750; x_wconf 94' lang='lat' dir='ltr'>in</span> <span class='ocrx_word' id='word_1_165' title='bbox 560 3699 629 3774; x_wconf 90' lang='lat' dir='ltr'>qua</span> <span class='ocrx_word' id='word_1_166' title='bbox 642 3676 835 3752; x_wconf 87' lang='lat' dir='ltr'>Planesium</span> <span class='ocrx_word' id='word_1_167' title='bbox 847 3674 1048 3765; x_wconf 79' lang='lat' dir='ltr'>custoditur,</span> <span class='ocrx_word' id='word_1_168' title='bbox 1063 3675 1216 3773; x_wconf 90' lang='lat' dir='ltr'>pessulos</span> 
     </span>
    </p>
   </div>
   <div class='ocr_carea' id='block_1_8' title="bbox 181 3881 1215 3947">
    <p class='ocr_par' dir='ltr' id='par_1_8' title="bbox 181 3881 1215 3947">
     <span class='ocr_line' id='line_1_27' title="bbox 181 3881 1215 3947; baseline -0.001 -15"><span class='ocrx_word' id='word_1_169' title='bbox 181 3881 216 3946; x_wconf 62' lang='grc' dir='ltr'>μ’)</span> <span class='ocrx_word' id='word_1_170' title='bbox 237 3883 314 3943; x_wconf 74' lang='lat' dir='ltr'>Tria,</span> <span class='ocrx_word' id='word_1_171' title='bbox 327 3884 358 3943; x_wconf 93' lang='lat' dir='ltr'>ll,</span> <span class='ocrx_word' id='word_1_172' title='bbox 368 3882 391 3932; x_wconf 89' lang='lat' dir='ltr'>l.</span> <span class='ocrx_word' id='word_1_173' title='bbox 404 3910 435 3919; x_wconf 92' lang='lat'><em>-</em></span> <span class='ocrx_word' id='word_1_174' title='bbox 450 3885 520 3933; x_wconf 86' lang='lat' dir='ltr'>tland</span> <span class='ocrx_word' id='word_1_175' title='bbox 534 3885 608 3934; x_wconf 86' lang='lat' dir='ltr'>aliter</span> <span class='ocrx_word' id='word_1_176' title='bbox 624 3883 783 3947; x_wconf 78' lang='lat' dir='ltr'>intelligenda</span> <span class='ocrx_word' id='word_1_177' title='bbox 799 3889 836 3932; x_wconf 85' lang='lat' dir='ltr'>est</span> <span class='ocrx_word' id='word_1_178' title='bbox 851 3882 961 3945; x_wconf 76' lang='lat' dir='ltr'>Lysitelis</span> <span class='ocrx_word' id='word_1_179' title='bbox 975 3882 1106 3942; x_wconf 87' lang='lat' dir='ltr'>sententia,</span> <span class='ocrx_word' id='word_1_180' title='bbox 1124 3883 1145 3930; x_wconf 91' lang='lat' dir='ltr'>si</span> <span class='ocrx_word' id='word_1_181' title='bbox 1163 3884 1215 3931; x_wconf 75' lang='lat' dir='ltr'>trare</span> 
     </span>
    </p>
   </div>
   <div class='ocr_carea' id='block_1_9' title="bbox 150 3963 1306 4028">
    <p class='ocr_par' dir='ltr' id='par_1_9' title="bbox 150 3963 1306 4028">
     <span class='ocr_line' id='line_1_28' title="bbox 150 3963 1306 4028; baseline -0.002 -16"><span class='ocrx_word' id='word_1_182' title='bbox 150 3965 224 4012; x_wconf 87' lang='lat' dir='ltr'>verba</span> <span class='ocrx_word' id='word_1_183' title='bbox 241 3965 416 4026; x_wconf 75' lang='lat' dir='ltr'>«Quamquam</span> <span class='ocrx_word' id='word_1_184' title='bbox 435 3963 495 4014; x_wconf 88' lang='lat' dir='ltr'>illud</span> <span class='ocrx_word' id='word_1_185' title='bbox 516 3969 554 4014; x_wconf 87' lang='lat' dir='ltr'>est</span> <span class='ocrx_word' id='word_1_186' title='bbox 570 3965 641 4014; x_wconf 85' lang='lat' dir='ltr'>dalea</span> <span class='ocrx_word' id='word_1_187' title='bbox 660 3982 670 4010; x_wconf 82' lang='lat' dir='ltr'>v</span> <span class='ocrx_word' id='word_1_188' title='bbox 693 3969 751 4026; x_wconf 78' lang='lat' dir='ltr'>ete,</span> <span class='ocrx_word' id='word_1_189' title='bbox 771 3978 826 4025; x_wconf 81' lang='lat' dir='ltr'>quae</span> <span class='ocrx_word' id='word_1_190' title='bbox 848 3964 1018 4028; x_wconf 89' lang='lat' dir='ltr'>superioribus</span> <span class='ocrx_word' id='word_1_191' title='bbox 1034 3965 1059 4012; x_wconf 84' lang='lat' dir='ltr'>l&#39;.</span> <span class='ocrx_word' id='word_1_192' title='bbox 1084 3965 1109 4012; x_wconf 84' lang='lat' dir='ltr'>t.</span> <span class='ocrx_word' id='word_1_193' title='bbox 1125 3963 1216 4026; x_wconf 76' lang='lat' dir='ltr'>jungit,</span> <span class='ocrx_word' id='word_1_194' title='bbox 1290 3983 1306 4004; x_wconf 84' lang='lat'><strong>·</strong></span> 
     </span>
    </p>
   </div>
   <div class='ocr_carea' id='block_1_10' title="bbox 151 4044 950 4111">
    <p class='ocr_par' dir='ltr' id='par_1_10' title="bbox 151 4044 950 4111">
     <span class='ocr_line' id='line_1_29' title="bbox 151 4044 950 4111; baseline 0 -18"><span class='ocrx_word' id='word_1_195' title='bbox 151 4059 204 4096; x_wconf 90' lang='lat' dir='ltr'>enm</span> <span class='ocrx_word' id='word_1_196' title='bbox 220 4044 256 4093; x_wconf 88' lang='lat' dir='ltr'>eis</span> <span class='ocrx_word' id='word_1_197' title='bbox 270 4057 325 4106; x_wconf 75' lang='lat' dir='ltr'>quaa</span> <span class='ocrx_word' id='word_1_198' title='bbox 340 4046 522 4106; x_wconf 83' lang='lat' dir='ltr'>subsequuntur</span> <span class='ocrx_word' id='word_1_199' title='bbox 536 4045 667 4111; x_wconf 86' lang='lat' dir='ltr'>construis,</span> <span class='ocrx_word' id='word_1_200' title='bbox 686 4047 749 4108; x_wconf 91' lang='lat' dir='ltr'>qnod</span> <span class='ocrx_word' id='word_1_201' title='bbox 761 4044 821 4095; x_wconf 85' lang='lat' dir='ltr'>tacit</span> <span class='ocrx_word' id='word_1_202' title='bbox 836 4045 929 4095; x_wconf 82' lang='lat' dir='ltr'>ltitschl</span> <span class='ocrx_word' id='word_1_203' title='bbox 945 4061 950 4093; x_wconf 94' lang='lat'>:</span> 
     </span>
    </p>
   </div>
   <div class='ocr_carea' id='block_1_11' title="bbox 352 4153 905 4295">
    <p class='ocr_par' dir='ltr' id='par_1_11' title="bbox 352 4153 905 4295">
     <span class='ocr_line' id='line_1_30' title="bbox 352 4153 905 4216; baseline 0 -14"><span class='ocrx_word' id='word_1_204' title='bbox 352 4155 501 4216; x_wconf 79' lang='lat' dir='ltr'>Quamquam</span> <span class='ocrx_word' id='word_1_205' title='bbox 516 4153 575 4202; x_wconf 87' lang='lat' dir='ltr'>illud</span> <span class='ocrx_word' id='word_1_206' title='bbox 590 4153 695 4214; x_wconf 82' lang='lat' dir='ltr'>dulcest,</span> <span class='ocrx_word' id='word_1_207' title='bbox 708 4167 762 4203; x_wconf 85' lang='lat' dir='ltr'>esse</span> <span class='ocrx_word' id='word_1_208' title='bbox 775 4159 800 4202; x_wconf 90' lang='lat' dir='ltr'>et</span> <span class='ocrx_word' id='word_1_209' title='bbox 810 4155 905 4214; x_wconf 80' lang='lat' dir='ltr'>bibero,</span> 
     </span>
     <span class='ocr_line' id='line_1_31' title="bbox 354 4234 841 4295; baseline -0.01 -10"><span class='ocrx_word' id='word_1_210' title='bbox 354 4239 426 4289; x_wconf 74' lang='lat' dir='ltr'>,tutor</span> <span class='ocrx_word' id='word_1_211' title='bbox 440 4234 515 4285; x_wconf 84' lang='lat' dir='ltr'>ommi</span> <span class='ocrx_word' id='word_1_212' title='bbox 532 4234 573 4282; x_wconf 86' lang='lat' dir='ltr'>dat</span> <span class='ocrx_word' id='word_1_213' title='bbox 588 4234 649 4281; x_wconf 84' lang='lat' dir='ltr'>satis</span> <span class='ocrx_word' id='word_1_214' title='bbox 665 4236 729 4295; x_wconf 77' lang='lat' dir='ltr'>rprod</span> <span class='ocrx_word' id='word_1_215' title='bbox 744 4242 841 4294; x_wconf 68' lang='lat' dir='ltr'>marest,</span> 
     </span>
    </p>
   </div>
   <div class='ocr_carea' id='block_1_12' title="bbox 0 0 1683 5258">
    <p class='ocr_par' dir='ltr' id='par_1_12' title="bbox 0 0 1683 5258">
     <span class='ocr_line' id='line_1_32' title="bbox 0 0 1683 5258; baseline 0 0"><span class='ocrx_word' id='word_1_216' title='bbox 0 0 1683 5258; x_wconf 95' lang='lat' dir='ltr'> </span> 
     </span>
    </p>
   </div>
  </div>
 </body>
</html>
