3330 5258
877 423 1034 486 ..10-

425 559 507 632 huic
518 560 686 658 minatus,
708 560 783 634 auri
807 567 942 633 tantum
969 561 1068 634 multi
1083 562 1206 657 pretio,
1231 562 1374 638 Veneris
1390 561 1492 636 lasti-

425 665 529 759 diosae
544 693 678 783 partem
692 686 789 759 emit.
809 686 917 776 Alter,
932 708 1058 782 nempe
1069 686 1215 762 Strabax
1230 687 1299 779 ille,
1316 687 1491 784 squalidus

425 811 1488 913 aspectu,horridusingenio,cruminaminisgravidaplacet‚

426 947 460 1013 et
486 937 665 1011 stultitiam
685 960 783 1011 suam
811 936 920 1010 lassus
949 938 1051 1011 simul
1073 961 1114 1012 aa
1140 961 1284 1037 crepans
1312 963 1488 1032 nummos,

425 1063 585 1161 prasenti
614 1063 761 1159 pecunia
792 1071 998 1160 praesentem
1029 1086 1184 1138 amorem
1207 1065 1325 1164 exigit.
1360 1067 1491 1154 Quibus

426 1186 565 1283 quidem
594 1187 698 1261 etiam
724 1187 860 1286 pejores
886 1187 1121 1263 adolescentes
1150 1189 1242 1263 eirca
1259 1190 1490 1265 Phronesium

425 1313 578 1387 assiduos
589 1335 661 1387 esse
678 1336 720 1388 ex
735 1313 888 1410 Astaphii
903 1314 1017 1388 verbis
1034 1315 1199 1413 suspicari
1216 1339 1412 1414 possumus,
1433 1341 1491 1392 eos

426 1439 552 1513 scilicet
577 1462 664 1536 quos
693 1439 774 1538 vigil
802 1438 925 1513 ancilla
952 1440 1075 1514 merito
1105 1439 1327 1532 reformidat,
1357 1441 1492 1517 laribus

426 1565 601 1662 propiores
640 1587 745 1662 quam
790 1565 1026 1661 amatoribus3
1068 1566 1181 1664 digitis
1220 1567 1313 1642 enim
1349 1568 1494 1644 aduncis

426 1691 565 1780 armati,
587 1697 624 1765 ut
641 1691 700 1789 qui
722 1712 791 1765 nen
817 1699 952 1764 tantum
978 1692 1073 1765 savia
1092 1715 1213 1789 rapere
1239 1692 1381 1784 soleant,
1407 1717 1494 1792 quas

427 1817 557 1891 steriles
580 1817 764 1891 attulerant
786 1839 922 1907 manus,
942 1818 1099 1918 gravidas
1124 1817 1216 1893 laras
1239 1829 1434 1918 exportant,
1459 1828 1495 1895 et

425 1943 568 2017 Veneris
614 1943 775 2041 auspiciis
826 1943 989 2042 ingressi,
1042 1945 1212 2020 Mercurio
1257 1946 1343 2022 duce
1389 1970 1493 2045 egre·

426 2068 570 2142 diuntur
592 2069 653 2166 (l).

475 2194 1495 2272 Adolescentibussolaductislibidinerecteannumeraveris

429 2332 463 2399 et
490 2321 524 2394 in
554 2319 761 2394 Mostellaria
794 2321 1058 2398 Callidamatem
1089 2347 1109 2398 e
1134 2323 1288 2398 convivio
1321 2322 1363 2397 ad
1402 2323 1496 2398 aliud

427 2447 793 2524 conviviumtitubanti
803 2447 913 2544 gradu
923 2456 1156 2523 transeuntem
1168 2448 1344 2546 (ibatque
1353 2449 1495 2523 tandem

427 2583 510 2673 potu
537 2573 666 2646 vietam
692 2573 784 2648 inter
811 2574 932 2648 amicae
965 2574 1107 2649 brachia
1136 2575 1316 2671 crapulam
1349 2575 1496 2672 turpiter

428 2698 692 2791 edormientem,
704 2709 739 2774 et
751 2699 784 2772 in
794 2700 957 2774 Artoarta
967 2700 1150 2774 Diabolum
1165 2700 1356 2775 meretricis
1370 2701 1496 2797 cupitae

430 2835 539 2900 totum
573 2848 705 2898 anuum
738 2827 857 2925 viginti
889 2828 990 2901 minis
1026 2828 1268 2918 aestimantem,
1302 2848 1496 2924 corpusque

429 2952 533 3027 veluti
562 2933 729 3044 mercem,
756 2975 826 3048 qua
852 2953 941 3026 solus
965 2953 1117 3050 potiatur
1140 2976 1181 3027 aa
1214 2952 1360 3045 fruatur,
1394 2953 1495 3027 certis

430 3076 616 3177 syngraphi
635 3076 772 3176 legibus
787 3078 850 3151 sibi
864 3079 974 3155 addici
984 3080 1165 3178 jubentem
1180 3077 1243 3176 (3).
1261 3077 1329 3152 lllis
1340 3077 1498 3175 pessimis

432 3205 570 3293 relictis,
600 3206 684 3279 alios
702 3227 900 3301 quaeramus
921 3227 988 3278 non
1010 3226 1147 3300 semper
1166 3225 1299 3278 meram
1317 3202 1497 3277 libidinem

430 3330 611 3427 spiranteS,
627 3332 694 3404 sive
713 3330 931 3406 dulcedinem
951 3330 1078 3403 amoris
1101 3351 1168 3403 non
1193 3336 1325 3402 tantum
1344 3328 1499 3402 sensibus

433 3455 491 3529 sed
510 3455 627 3530 animo
649 3477 787 3554 quoque
806 3455 982 3553 paulisper
1000 3463 1173 3530 commoto
1194 3454 1404 3551 percipiunt,
1428 3453 1497 3529 sive

464 3634 498 3698 (l)
516 3636 603 3684 Confer
617 3635 738 3695 Ovidium,
754 3633 944 3693 Arsamatoria,
959 3635 1001 3693 lll,
1016 3631 1140 3682 44745οε

604 3734 716 3782 Forsitan
730 3746 761 3780 ex
774 3733 861 3780 horum
876 3745 977 3780 numero
991 3730 1143 3779 cultissimus
1155 3730 1198 3779 illc

628 3817 683 3862 ‘Fur
695 3813 735 3872 sit,
750 3817 773 3860 et
785 3817 871 3860 uratur
882 3811 959 3860 vestis
972 3824 1055 3858 amore
1067 3817 1125 3858 tuae.

607 3911 618 3939 a
634 3893 719 3941 Redde
735 3905 817 3940 meum
832 3909 854 3949 r,
872 3892 978 3940 clamant
993 3890 1106 3952 spoliata
1122 3903 1187 3952 saepe
1201 3890 1309 3954 puellae:

639 3991 649 4018 a
666 3974 750 4022 Redde
765 3985 846 4020 meum
863 3987 884 4032 a,
900 3975 951 4019 toto
966 3984 1024 4020 roae
1038 3971 1130 4019 boante
1145 3971 1205 4019 loro.

466 4069 500 4136 (4)
517 4069 680 4131 Mostellaria,
696 4071 715 4130 l,
730 4068 755 4119 4.

466 4149 500 4214 (3)
517 4150 599 4209 Asia,
617 4151 655 4208 lv,
682 4149 704 4199 l.
725 4152 791 4212 lege
814 4152 879 4212 quod
900 4150 996 4200 Mandat
1019 4153 1120 4200 annotat
1143 4149 1350 4213 depectionibus
1376 4147 1501 4198 amatoriis

436 4229 509 4296 (Call.
520 4229 650 4293 Lemaire).
