3330 5258
633 507 774 566 ..37-

218 623 294 712 Quo
322 631 446 698 riatura
475 623 629 715 inclinet,
661 624 732 722 ipse
759 646 825 697 non
856 625 965 697 solum
993 645 1123 722 granas
1152 649 1233 722 per-

170 771 269 824 sonas
299 747 480 847 effingens,
518 749 576 824 sed
605 758 640 824 at
669 772 773 827 riorus
801 749 977 825 inveniens
1007 750 1231 826 demonstrat.

170 875 262 948 Duos
275 874 368 948 enim
388 873 620 952 adolescentes
635 897 742 950 nona
763 875 893 949 Graecis
911 875 1070 972 sumpsit,
1089 875 1147 952 sed
1167 899 1236 951 ex-

169 999 379 1098 cogitavitct
407 1000 539 1082 addidit
564 1001 631 1098 (l);
659 1001 718 1099 qui
744 1000 901 1099 quidem,
933 1002 1091 1098 queraris
1116 1023 1235 1076 revera

170 1224 261 1273 exarsit
278 1224 304 1272 in
323 1237 429 1274 amorem
442 1225 541 1287 puellae,
564 1226 599 1274 ita
612 1228 639 1274 ut
651 1225 787 1274 remedium
807 1227 882 1274 tantus
902 1223 1023 1286 cupidatis
1038 1223 1085 1272 nisi
1102 1237 1132 1272 ex
1145 1225 1237 1288 nuptiis

171 1319 219 1354 non
233 1305 392 1368 reperiretur.
410 1307 447 1356 lta
460 1320 490 1356 ex
502 1308 630 1358 commodo
644 1307 729 1357 matris
743 1311 768 1357 et
779 1307 881 1370 virginis
898 1311 923 1356 et
938 1320 967 1355 ex
979 1307 1035 1355 roto
1050 1305 1166 1355 amatoris
1179 1319 1236 1354 eon-

171 1400 292 1456 sensuque
309 1386 385 1450 patris
403 1388 542 1450 nuptiarum
558 1388 724 1440 celebratione
736 1388 810 1440 sunem
823 1387 913 1450 accipit
927 1386 1018 1436 tabula.

841 1469 994 1533 (Eanuehas.
1011 1467 1091 1526 Prot,
1106 1467 1141 1531 9.)

202 1548 235 1612 (l)
256 1534 330 1598 «Mas
340 1563 457 1612 personas
471 1549 615 1615 (Charinum
631 1556 655 1600 et
670 1549 790 1614 Byrriam)
801 1550 928 1601 Terentius
941 1549 1037 1599 addidit
1060 1550 1166 1611 lubuloe;
1183 1563 1239 1600 nam

172 1643 220 1678 non
232 1633 290 1679 sunt
301 1632 365 1692 apud
381 1633 551 1683 Menandrum.
566 1649 576 1678 u
595 1633 721 1696 (Donatus,
733 1631 838 1692 Andria,
857 1632 888 1692 ll,
911 1629 944 1696 l.)
958 1632 1008 1681 llos
1023 1631 1114 1681 clarum
1130 1632 1240 1680 testimo·

173 1710 239 1759 nium
261 1712 322 1760 lhne
347 1710 509 1775 (Qaoestiones
534 1713 698 1773 Terentianae,
721 1715 822 1772 Bonnae,
846 1710 916 1775 rata)
947 1712 1063 1761 invalidis
1086 1712 1239 1775 argumentis

172 1790 231 1838 mihi
243 1789 340 1839 videtur
353 1791 546 1856 impugnarisse,
568 1806 612 1842 nce
632 1793 761 1843 manifesto
782 1792 920 1842 ostendisse
935 1806 1008 1854 supra
1028 1791 1106 1842 dictas
1122 1805 1239 1854 personas

172 1872 201 1918 de
213 1871 344 1922 Perinthia
352 1875 501 1922 Menandrea
512 1879 623 1936 sumptas
639 1887 703 1924 esse.
716 1874 819 1924 Miretur
827 1875 887 1924 lhne
894 1877 987 1922 tantam
994 1871 1102 1922 Terentii
1112 1871 1240 1922 audaciam

173 1966 220 2001 non
231 1966 245 2000 a
255 1953 341 2001 Luscio
349 1953 449 2002 Lauinio
459 1954 605 2017 increpitam
620 1955 706 2016 lauisse,
716 1955 863 2016 inanemque
876 1954 1020 2003 rationema
1030 1956 1122 2002 Donato
1140 1954 1239 2002 allatam

172 2031 281 2092 irrideat,
295 2037 394 2096 propter
405 2047 478 2096 quam
488 2035 617 2084 terentius
626 2035 759 2084 Charinum
768 2033 900 2094 addiderit,
913 2034 1051 2084 scilicetne
1064 2033 1240 2100 τραγικώτερον

171 2113 239 2162 heret
252 2113 423 2163 Philumenam
436 2119 543 2179 spretam
553 2117 692 2179 relinquere
704 2117 758 2166 sine
772 2129 870 2178 sponso,
883 2115 1011 2180 Pamphilo
1026 2115 1100 2164 aliam
1117 2115 1239 2176 ducente;

173 2194 235 2243 nihil
243 2195 358 2256 equidem
370 2209 466 2259 pugao;
476 2201 583 2248 attamen
593 2211 638 2247 uec
647 2197 673 2246 in
682 2197 728 2246 hac
739 2212 766 2246 re
780 2197 860 2246 Luseil
872 2197 996 2246 silentium
1006 2196 1184 2258 autpatientia,
1195 2210 1240 2245 nec

171 2275 259 2324 bonati
279 2275 363 2337 inepta
378 2277 557 2339 argumentatio
577 2279 622 2326 lroc
651 2277 748 2326 irritum
761 2277 864 2337 faciunt,
888 2291 974 2338 nempe
995 2275 1128 2325 tiberinum
1147 2277 1241 2324 Donato

173 2356 332 2405 Menandrum
342 2357 449 2406 volventi
465 2371 513 2407 non
529 2357 673 2408 occurrisse.
690 2359 750 2408 lhne
760 2358 857 2419 quidem
872 2357 972 2422 conjicit
985 2372 1034 2407 uon
1049 2361 1169 2407 Donatum
1180 2356 1241 2406 illud

173 2443 311 2496 annotasse,
325 2439 367 2487 sed
379 2439 480 2487 stultum
498 2439 604 2500 aliquem
620 2440 822 2502 grammaticum:
838 2440 897 2501 quid
911 2441 958 2488 hoe
970 2440 1001 2488 ad
1011 2453 1072 2497 rem,
1085 2439 1115 2487 do
1126 2453 1173 2500 qua
1188 2452 1242 2487 arn-

173 2517 275 2582 bigitur,
290 2521 361 2568 modo
378 2519 451 2569 istum
472 2521 658 2582 granrmaticum
673 2534 721 2568 non
736 2520 770 2568 ita
785 2522 900 2570 stolidum
915 2535 968 2570 esse
985 2521 1129 2581 contendas,
1145 2525 1171 2570 ut
1189 2520 1243 2568 dis-

174 2598 255 2660 picere
269 2603 374 2660 nequeat
388 2602 470 2648 utrum
479 2600 601 2650 Charinus
613 2599 639 2648 in
656 2601 788 2651 Menandro
803 2602 844 2660 sit,
860 2599 963 2651 annon?
974 2604 1005 2650 nt
1017 2601 1084 2650 enim
1097 2600 1143 2651 iste
1156 2615 1242 2664 gram-

175 2678 277 2728 maticus
295 2693 342 2728 non
358 2680 408 2728 suis
421 2681 508 2739 oculis,
524 2682 588 2742 qurod
601 2686 735 2740 asseverat,
746 2681 816 2740 vidit,
825 2686 931 2730 veterem
946 2687 1028 2731 autern
1039 2683 1243 2732 commentarium

173 2764 270 2816 secutus
284 2765 331 2820 est,
349 2761 419 2824 eujus
434 2775 464 2810 ne
479 2761 532 2824 ipse
545 2762 646 2823 quidem
666 2749 749 2812 auctor
764 2763 838 2811 ambo
852 2762 1001 2824 exemplaria
1013 2777 1106 2825 graeca,
1126 2777 1139 2812 e
1154 2763 1244 2824 quibus

175 2841 302 2892 Terentius
317 2842 443 2891 contexuit
455 2841 588 2902 Andriam,
606 2843 729 2903 tractauit,
743 2845 787 2891 sed
801 2843 936 2906 principale
951 2849 1047 2892 tantum
1059 2843 1151 2906 attigit,
1169 2844 1202 2892 ita
1218 2847 1244 2891 ιιι

175 2939 185 2966 ι
202 2923 277 2970 verba
291 2936 351 2972 nana
363 2937 413 2972 non
428 2924 487 2972 arant
503 2922 568 2986 apsari
580 2921 747 2972 Menandrum
767 2924 831 2972 nihil
850 2923 918 2971 aliud
931 2924 1025 2985 possint
1040 2923 1183 2987 signilleare
1194 2924 1243 2972 nisi

174 3015 222 3051 non
237 3003 262 3051 in
276 3003 369 3052 Andria
390 3003 517 3053 Menandri
538 3003 613 3053 iuuisse
634 3004 768 3053 Charinum
788 3009 813 3052 et
833 3003 943 3066 Byrriam
961 3021 982 3052 ι,
1004 3005 1067 3064 Quid
1086 3003 1166 3054 uero?
1182 3005 1244 3054 Mum

174 3080 252 3141 potuit
271 3094 319 3130 non
340 3080 497 3130 Perinthiam
519 3080 592 3130 simul
615 3095 643 3130 aa
663 3080 785 3130 Andriam
805 3081 925 3144 inspicere
945 3084 985 3143 quii
1009 3084 1062 3132 haec
1083 3083 1182 3145 scripsit
1202 3083 1246 3144 (ιιι

174 3161 246 3210 aliam
261 3161 444 3212 adnotationem
459 3161 571 3211 omittam
586 3162 616 3210 ad
628 3163 702 3211 hndr.
719 3163 779 3226 prol.
797 3161 836 3222 13,
850 3178 921 3225 quarn
937 3165 1000 3212 lbne
1011 3164 1134 3213 immerito
1146 3165 1244 3213 fastidio

175 3242 294 3308 respubl:
310 3243 396 3292 Prima
408 3256 481 3293 sceno
495 3242 631 3292 Perinthia
640 3255 712 3306 prena
727 3243 815 3294 iisdem
830 3244 917 3304 uerbis,
936 3244 1022 3308 paribus
1032 3244 1137 3305 Andria,
1150 3246 1243 3309 scripta

174 3327 208 3373 ert
216 3341 225 3383 ;
250 3327 331 3373 cetera
346 3324 477 3374 dissimilia
491 3327 559 3384 suant,
573 3325 682 3388 exceptis
694 3324 788 3375 dachus
800 3325 868 3387 lach,
881 3326 961 3377 altera
972 3326 1004 3376 od
1016 3342 1099 3377 nerana
1110 3328 1151 3387 XI,
1165 3327 1244 3377 allero

174 3405 205 3454 ad
219 3405 270 3464 Xh',
282 3405 324 3469 psai
337 3404 479 3470 inutraque
492 3403 577 3467 tabida
588 3405 666 3468 positi
675 3408 754 3456 aurat?
770 3408 831 3455 ltine
847 3408 888 3457 liic
900 3407 926 3456 in
939 3407 1034 3458 lubrico
1046 3424 1070 3458 se
1081 3409 1173 3458 versari
1186 3423 1241 3457 sen-

174 3488 213 3546 tit,
230 3499 274 3534 nee
286 3487 334 3534 alia
350 3485 397 3534 nisi
410 3487 513 3534 obseura
528 3488 553 3533 et
564 3485 688 3548 implicata
703 3489 843 3550 respondet,
853 3489 948 3538 scilicet
959 3503 1006 3538 non
1018 3504 1093 3538 arnum
1105 3490 1243 3552 exemplum

175 3567 291 3616 adversus
306 3580 350 3614 sua
365 3567 429 3615 dicta
446 3567 538 3626 valere,
551 3578 596 3615 nec
610 3568 808 3628 grammaticum,
820 3569 841 3618 si
851 3569 1007 3620 Perinthiam
1018 3584 1114 3632 quoque
1125 3570 1150 3618 in
1162 3573 1243 3620 maui-

175 3647 220 3694 bus
236 3646 373 3706 habuisset,
394 3647 523 3696 occasione
547 3646 620 3710 hujus
641 3647 730 3696 sabula>
754 3663 810 3696 curn
834 3647 930 3700 alandria
957 3652 1127 3713 comparandae
1152 3651 1243 3714 saepius

175 3728 266 3786 oblata,
289 3741 319 3774 ea
336 3728 411 3776 semel
432 3741 503 3776 usum
519 3726 605 3777 luisse.
629 3729 714 3776 Nonne
734 3729 814 3791 aptius
837 3735 863 3778 et
886 3730 1038 3792 probabilius
1064 3731 1188 3780 diceretur
1211 3745 1242 3780 ne

175 3808 250 3856 semel
274 3807 373 3868 quidem
395 3807 550 3858 Perinthiam
571 3814 596 3857 et
618 3807 740 3859 Andriam
755 3810 786 3858 ab
802 3823 830 3858 eo
850 3811 986 3872 comparari
999 3811 1115 3874 potuisse,
1131 3813 1171 3874 quii
1192 3827 1241 3860 nou

176 3889 259 3937 ambas
271 3888 368 3938 tabulas
382 3889 534 3939 inmanibus
549 3889 697 3940 babuisset‘l
708 3890 756 3939 Meo
771 3889 922 3939 firmioribus
937 3892 1089 3955 argumentis
1101 3893 1241 3955 opinionem

176 3981 244 4016 suam
260 3968 320 4016 lhne
337 3969 453 4032 adjuvare
467 3969 528 4018 mihi
543 3970 650 4032 ridetur,
665 3971 717 4020 sive
736 3971 797 4020 duos
817 3985 848 4019 ex
867 3970 964 4022 Artdria
981 3973 1127 4022 Terentiana
1148 3987 1240 4031 versus,

176 4050 286 4098 uersibus
297 4049 435 4111 Euripideis
448 4050 549 4109 similes,
564 4051 701 4101 Perinthia
715 4053 870 4100 Menandreae
881 4051 928 4101 boa
942 4056 1038 4102 tantum
1050 4052 1162 4101 attribuit
1176 4053 1241 4113 quod

175 4130 309 4178 Menander
323 4129 448 4193 Euripidis
458 4131 572 4181 assiduus
586 4133 618 4180 sit
633 4132 751 4193 imitator,
766 4132 817 4182 sire
832 4146 846 4180 e
860 4132 944 4193 paucis
953 4134 1021 4196 parri
1036 4133 1153 4182 momenti
1162 4133 1242 4181 uerbis

175 4211 315 4260 alerentio
328 4225 341 4260 e
358 4211 487 4261 Perinthia
502 4212 582 4262 aucus
598 4214 638 4277 (ll,
652 4214 677 4274 2,
690 4212 777 4280 at-aa)
793 4215 918 4266 concludit
934 4212 1135 4265 retiamcbarini
1150 4217 1242 4274 partes,

175 4303 230 4350 qum
243 4294 300 4340 saint
311 4291 336 4339 in
348 4291 434 4340 eadem
451 4304 533 4352 scena,
549 4306 578 4342 ex
593 4296 679 4343 eadem
693 4294 774 4344 sabula
790 4310 873 4358 graeca
886 4311 940 4346 esse
953 4295 1112 4358 transpositas
1126 4311 1146 4340 ι.
