3330 5258
886 423 1046 486 -dt-

433 588 542 666 quum
556 567 631 641 loeo
654 583 880 638 nummorum
901 558 1135 643 effundantur,
1162 558 1342 634 sedetiam
1363 560 1497 649 insulsi,

433 715 541 791 quarn
565 689 714 788 puellam
743 687 867 762 merito
891 684 1121 760 fastidientem
1150 684 1223 760 sine
1247 685 1501 762 intermissione

433 818 613 892 lacessant.

482 942 614 1040 Saepius
634 939 725 1036 apud
753 940 914 1013 Plautum
934 936 1088 1012 invenire
1112 944 1164 1012 est
1185 935 1417 1012 adolescentes
1440 945 1502 1012 aut

433 1067 542 1142 amori
560 1065 714 1166 trigidius
733 1086 874 1163 operam
898 1063 1032 1152 darrtes,
1057 1072 1112 1138 aut
1134 1071 1274 1162 peccata
1299 1063 1501 1161 pmnitendo

433 1193 656 1290 corrigentes,
678 1198 738 1265 aut
757 1190 860 1265 etiam
872 1189 966 1265 omni
982 1199 1124 1288 peccato
1138 1211 1379 1286 vacuosquam
1399 1211 1499 1264 arnn-

435 1341 508 1394 rem
524 1317 697 1392 sincerum
717 1325 752 1392 et
767 1314 1000 1392 verecundum
1023 1315 1189 1391 levantes.

484 1441 671 1534 Pleasides,
693 1443 727 1515 in
744 1443 860 1517 Milite
868 1442 1030 1540 plantem,
1046 1441 1143 1539 enjus
1157 1441 1291 1539 hospes,
1306 1441 1439 1539 lepidus
1453 1465 1501 1516 se·

434 1592 513 1660 nex,
535 1569 672 1644 nomine
687 1568 1011 1666 Periplectomenes,
1028 1567 1178 1641 occultos
1191 1589 1340 1660 amores,
1356 1567 1501 1642 militem

434 1694 597 1786 sallendo,
614 1693 770 1793 adjurat,
787 1702 895 1769 semet
911 1693 1025 1791 ipsum
1044 1696 1091 1768 ita
1112 1692 1265 1792 graviter
1282 1691 1501 1790 reprehendit

435 1821 495 1920 qui
520 1821 603 1896 tales
623 1843 724 1894 curas
754 1820 865 1896 aetatis
892 1828 1038 1894 rnaturae
1070 1819 1142 1893 viro
1164 1819 1336 1918 praebeat,
1366 1826 1403 1892 ut
1430 1827 1501 1892 tam

437 1921 681 2022 verecundaet
708 1969 805 2043 paene
827 1954 896 2019 tarn
918 1944 1027 2042 rigida
1043 1945 1223 2044 juventute
1242 1945 1422 2019 attonitam
1438 1944 1503 2018 ha-

436 2073 516 2148 beat
529 2071 684 2170 jocosam
699 2071 845 2168 hospitis
859 2079 1084 2146 senectutem.
1104 2069 1258 2146 lllterum
1271 2071 1411 2144 alterius
1423 2093 1504 2167 per-

437 2219 571 2291 sonam,
600 2198 682 2272 dum
707 2197 961 2295 colloquuntur,
983 2219 1085 2296 agere
1103 2197 1234 2283 eredas,
1260 2219 1377 2272 senem
1406 2219 1503 2271 aura-

437 2325 533 2418 toris,
554 2332 742 2397 amatorem
763 2322 864 2396 senis.
888 2322 1006 2413 Alter,
1030 2322 1140 2396 aetatis
1160 2322 1338 2398 onustare
1357 2321 1500 2412 habeus,

438 2449 564 2524 caelibis
579 2449 657 2523 vitm
671 2446 934 2522 commoditates
955 2447 1114 2545 praedicat
1125 2475 1134 2538 ;
1153 2449 1329 2524 anseribus
1343 2449 1503 2524 meretri-

439 2575 499 2648 ciis
525 2573 709 2671 implicitus
725 2573 812 2648 alter
837 2573 1047 2648 matrimonii
1067 2573 1157 2648 bona
1175 2573 1302 2674 gaudia
1330 2574 1447 2649 laudat
1470 2584 1504 2650 et

439 2699 563 2798 hospiti
580 2698 753 2796 respuenti
776 2699 1009 2774 commendat.
1034 2701 1175 2774 Frustra
1193 2700 1505 2798 Periplectomenes

441 2847 503 2923 pro
519 2846 626 2921 uxore
637 2824 891 2900 oblatratricem
907 2825 936 2898 ei
948 2825 1094 2900 ostendit
1107 2835 1139 2900 et
1157 2828 1252 2926 quasi
1268 2827 1434 2914 minatur;
1452 2826 1505 2901 rel

439 2950 505 3024 hoe
531 2950 640 3048 pretio
665 2959 820 3048 emptum
844 2973 970 3023 munus
989 2950 1095 3047 patris
1114 2950 1286 3026 Pleusides
1304 2951 1470 3048 approbat
1493 2977 1501 3024 :

513 3176 545 3230 nt
558 3172 605 3229 illa
618 3173 677 3229 laus
690 3181 732 3230 est
744 3189 843 3246 magno
857 3173 884 3229 in
897 3189 998 3246 genere
1010 3182 1036 3230 et
1049 3173 1077 3229 in
1091 3173 1192 3231 diuitiis
1206 3176 1339 3232 maxumis

515 3263 625 3319 llberos
641 3262 777 3318 hominem
792 3263 919 3331 educare,
939 3263 1033 3337 generi
1053 3272 1256 3321 monumentum
1273 3275 1298 3322 et
1314 3265 1391 3336 sihi(
1413 3267 1432 3337 ).

489 3472 540 3546 lta
558 3493 636 3545 suas
653 3470 872 3570 cogitationes
888 3471 922 3544 in
942 3469 1102 3549 luturaet
1115 3473 1257 3550 meliora
1273 3475 1400 3575 gandia
1413 3500 1501 3574 prar-

441 3597 633 3672 mittentem
655 3619 720 3671 non
741 3597 866 3671 mirum
887 3608 938 3673 est
954 3608 1139 3698 praesentes
1155 3610 1189 3676 et
1212 3601 1345 3678 illicitos
1369 3626 1506 3680 amores
1564 3632 1569 3642 ¹

440 3721 590 3820 segniter
624 3745 746 3798 curare
775 3731 808 3817 et
831 3724 904 3798 aliis
933 3726 1094 3801 tutandos
1123 3728 1355 3820 committere,
1391 3730 1506 3804 minus

441 3848 579 3947 ignavia
600 3847 785 3924 inhibitum
812 3873 918 3948 quam
945 3852 1163 3929 verecundia.
1190 3853 1273 3930 lude
1295 3853 1333 3930 fit
1359 3865 1397 3930 ut
1425 3879 1505 3930 suas

440 3981 554 4070 partes
569 3971 706 4062 indole,
720 3996 823 4069 quern
835 3973 933 4048 linxit
945 3975 1118 4051 Palaestrio
1132 4001 1262 4072 servus,
1274 3979 1501 4072 conficiendo,

473 4211 506 4276 (t)
525 4211 594 4262 ,tides
608 4211 737 4274 pleniores,
755 4215 795 4274 ΙΙΙ,
816 4213 833 4262 t.
