3330 5258
619 511 658 522 m
680 477 717 540 ld
737 512 777 524 -

216 613 417 688 laborantis
439 611 546 687 animi
570 612 814 688 sollicitudines
834 619 869 685 et
888 612 1043 688 miserias
1059 611 1134 688 lreec
1150 635 1231 710 pro-

164 739 254 816 ieoto
268 739 414 813 vividius
429 737 628 838 exprimunt
645 768 652 810 :

664 943 751 1018 lgitur
763 943 901 999 lrueeinest

236 1035 353 1091 Aurora?
369 1035 453 1090 llrare
467 1033 592 1090 mavelim
609 1049 690 1106 quam
706 1032 744 1088 sic
760 1049 861 1090 arnano.

235 1303 406 1376 Voluptatem
422 1301 555 1376 aegritudo
569 1301 669 1370 vincat,
685 1301 751 1376 quid
765 1301 802 1358 ibi
818 1301 889 1359 inest
904 1303 1004 1360 amoeni
1019 1305 1082 1376 (l)‘?

213 1522 273 1596 lllu
301 1530 417 1595 nutem
447 1545 467 1594 u
502 1519 644 1595 veritate
678 1529 811 1595 remota
838 1529 930 1611 sunl,
968 1543 1032 1596 nee
1058 1518 1092 1595 in
1122 1529 1233 1597 tantas
1288 1533 1289 1536 ’

164 1647 334 1744 ampullas
347 1645 537 1721 effunditur
550 1653 685 1720 amator
703 1646 815 1721 amico
831 1647 958 1720 malum
975 1646 1134 1722 nuntium
1150 1647 1233 1724 alie·

164 1771 252 1848 renti
272 1771 484 1870 respondens
504 1796 512 1844 :

236 1995 335 2053 lloutis
348 2003 376 2052 tu
389 1994 501 2068 quidem
513 1994 577 2051 rnali
591 1995 618 2050 in
635 2013 677 2051 nra
693 1995 814 2052 ardentis
823 1996 880 2068 jam
895 1995 997 2053 dudum
1009 1994 1085 2070 Jneis.

214 2179 284 2254 Nee
298 2201 400 2254 verus
423 2176 523 2253 dolor
545 2186 616 2252 tam
643 2177 818 2278 ingeniose
842 2177 934 2252 eirea
954 2178 1059 2253 verba
1080 2178 1176 2264 ludit,
1193 2187 1230 2252 ut

165 2305 198 2378 iu
214 2303 267 2378 his
280 2303 457 2380 versibus:
1165 2311 1168 2320 ’

240 2518 271 2576 Ni
287 2517 380 2576 oeulos
394 2518 523 2574 lacrumae
538 2515 693 2588 defendant,
707 2517 764 2590 jam
779 2517 882 2587 ardeat,
904 2517 995 2587 oredo,
1012 2525 1093 2590 eaput
1107 2517 1154 2588 (θ).

637 2697 742 2772 Edepol
757 2715 803 2754 eor
817 2698 950 2753 misorum
965 2715 1067 2768 menni,
1111 2681 1132 2762 ¹,

235 2785 312 2851 Quod
327 2786 455 2860 guttatim
467 2786 651 2856 contabescit,
665 2785 742 2860 quasi
758 2786 898 2861 inaquam
912 2786 1045 2844 indideris
1062 2785 1147 2843 salem
1161 2785 1210 2856 (3).

215 2967 353 3050 Minime
374 2975 500 3050 mirum
522 2983 573 3050 est
588 2976 635 3050 ita
650 2977 863 3075 loquentem,
884 2977 1095 3074 paulopost,
1119 2998 1227 3074 quum

163 3101 275 3176 varias
296 3102 449 3200 eugratias
474 3101 619 3177 serendo
649 3123 747 3176 suam
771 3101 918 3177 amioum
944 3101 1114 3177 obstinato
1140 3099 1229 3197 patri

163 3226 355 3302 subducere
384 3225 600 3316 tentaverit,
622 3225 861 3325 desperatione
887 3249 1011 3326 parum
1045 3225 1231 3302 metuenda
1322 3261 1323 3270 κ

163 3351 327 3428 aflectum
360 3352 415 3426 iri.
448 3352 696 3450 Relinquenda
730 3351 808 3428 vilae
832 3359 959 3442 uentus,
990 3352 1107 3443 nteit,
1138 3373 1228 3449 quo-

163 3479 267 3555 modo
303 3478 474 3578 relinquat
509 3479 635 3563 haeret,
666 3478 760 3581 varia
785 3477 904 3554 mortis
934 3500 1063 3577 genera
1095 3483 1226 3566 versat,

162 3613 210 3690 et,
232 3604 391 3680 omnibus
427 3604 616 3703 perpensio,
641 3604 796 3680 exsulare
823 3604 953 3680 mavult
983 3616 1087 3702 quam
1118 3601 1225 3690 mori;

162 3732 378 3805 exsulaturus
400 3737 517 3806 autem
543 3729 668 3806 iterum
691 3740 857 3822 movetur,
878 3751 987 3828 nuper
1012 3751 1116 3826 quant
1133 3749 1227 3804 mor·-

163 3865 247 3945 tem,
273 3879 365 3930 uurru
391 3879 497 3953 quam
527 3857 696 3932 civitatem
733 3857 850 3956 eligat,
889 3855 1050 3930 incertus.
1086 3852 1228 3984 Ensulal

193 4076 409 4169 illum-amaa

194 4186 227 4249 (ἒ)
244 4186 330 4246 ltere,
345 4186 390 4244 lll,
403 4184 427 4237 d.

194 4265 227 4328 (3)
245 4265 331 4326 Meno,
348 4265 367 4324 l,
383 4264 406 4312 ε).
