3330 5258
888 427 948 482 Ἅι
970 437 1007 498 ot
1031 473 1068 481 -

458 575 645 674 quomodo,
671 573 836 672 Chryside
866 581 1015 664 mortuo,
1045 597 1118 649 rem
1144 574 1290 661 nouerit,
1310 582 1343 648 et
1363 578 1517 660 umores,

457 701 600 776 honesto
630 699 762 796 pudore
790 721 900 796 nuper
916 697 1073 785 latentes,
1096 721 1190 774 nuuc
1209 697 1332 773 ardore
1347 697 1518 773 immode-

456 834 530 902 rnto
543 825 695 924 proditos
707 823 987 922 deprehenderit.
1003 823 1162 921 Optimus
1176 824 1269 898 euim
1283 823 1394 914 Simo,
1411 846 1517 922 quum

455 975 557 1026 suum
587 949 698 1024 filium
726 949 942 1024 solummodo
968 949 1014 1024 oh
1039 949 1213 1050 Chrysidis
1232 959 1381 1024 mortem
1405 948 1518 1023 dolere

454 1076 611 1152 crederet
635 1082 755 1150 ettam
785 1075 979 1150 homimum
1004 1074 1183 1174 ingenium
1211 1074 1381 1162 laudaret,
1416 1073 1519 1147 voluit

456 1200 526 1299 ipse
544 1201 578 1275 in
598 1200 702 1276 lunus
716 1201 880 1298 prodire:

527 1405 661 1465 Eclertur.
675 1407 757 1462 lmus.
773 1407 880 1462 luteres
893 1406 965 1463 inter
980 1406 1120 1475 mulieres,

527 1495 593 1560 Quae
604 1494 642 1551 ihi
657 1496 777 1565 oderant,
791 1496 862 1553 forte
875 1513 958 1553 unam
972 1495 1073 1571 aspicio
1088 1495 1329 1560 adulescentulam,

428 1578 431 1586 ’
529 1584 639 1646 Forma.
651 1626 674 1640 ..

528 1701 618 1759 Sosm.
634 1736 669 1743 —
685 1703 759 1760 Bona
773 1703 898 1760 fortasse.

767 1819 844 1876 Sino.
861 1852 894 1862 -
911 1819 943 1876 El
955 1818 1040 1888 voltu,
1055 1820 1143 1888 Sosis,

528 1909 601 1967 hdeo
616 1910 752 1978 modesto,
768 1909 836 1967 adeo
852 1917 976 1978 venusto,
992 1918 1022 1966 ut
1036 1907 1073 1966 nil
1090 1925 1181 1983 suprn.

529 2000 596 2064 liure
611 2017 693 2074 quom
709 1999 775 2055 mihi
790 1999 934 2056 lamentari
950 2007 1049 2074 prester
1061 2007 1166 2056 ceteros

528 2089 627 2158 visast,
643 2099 670 2146 et
685 2090 750 2164 quia
763 2097 821 2146 erat
835 2091 923 2145 forma
934 2101 1036 2164 praeter
1048 2096 1154 2146 ceteras

530 2179 648 2236 llonestn
664 2196 696 2234 nc
710 2178 830 2247 liberali,
846 2179 946 2236 accedo
962 2179 996 2236 nd
1012 2179 1184 2253 pedisequus,

528 2270 592 2332 Quos
608 2268 643 2325 sit
658 2286 735 2343 rogo.
752 2270 878 2342 Sororem
891 2286 952 2326 esse
966 2271 1042 2326 aiunt
1053 2267 1199 2343 Chrysidis.

527 2357 665 2414 Percussit
678 2357 741 2414 ilico
755 2357 884 2414 priimum.
901 2360 972 2415 Attal
988 2359 1038 2415 hoc
1054 2358 1122 2414 illud
1137 2367 1188 2426 est,

528 2445 595 2502 llinc
606 2445 660 2500 illm
671 2444 811 2515 lacrumo,
822 2447 880 2502 haeo
890 2446 961 2502 illnst
972 2447 1169 2504 misericordia.

456 2564 543 2620 Sosth-
557 2593 593 2604 -
605 2561 690 2626 Quom
703 2560 786 2618 timeo
799 2578 928 2634 quorsum
942 2563 1050 2619 evadas!

936 2671 992 2727 Sin.
1009 2703 1044 2712 —-
1061 2671 1150 2728 Funus
1164 2670 1274 2729 interim

528 2758 668 2829 l'rocedlt3
684 2761 835 2834 sequimur.
853 2761 892 2816 hd
907 2760 1063 2836 sepulcrum
1077 2761 1219 2820 venimus:

528 2849 558 2905 ln
574 2850 666 2923 iguem
681 2850 840 2924 inpositast:
857 2851 946 2908 lletur.
964 2851 1069 2908 Interea
1084 2851 1142 2908 lneo
1155 2869 1242 2924 soror,

524 2938 609 3002 Quem
623 2938 687 3009 diri,
703 2939 737 2996 ed
750 2941 875 2996 llammau
889 2941 1004 2997 accessit
1016 2940 1218 3015 imprudentius,

528 3027 598 3084 Satis
614 3045 677 3084 cum
691 3029 805 3102 periclo.
823 3029 863 3086 lhi
876 3037 934 3088 tum
945 3030 1114 3088 exanimatus
1129 3031 1284 3107 Pamphilus

529 3117 601 3175 hene
614 3119 813 3176 dissimulatum
826 3137 946 3178 amorem
958 3130 983 3178 et
996 3107 1111 3178 celsium
1125 3121 1244 3180 iudicat:

529 3207 672 3277 hdourrit3
686 3209 805 3266 mediam
817 3210 961 3267 mulierem
974 3210 1179 3285 complectitur:

531 3315 543 3352 r
561 3297 621 3354 llea
636 3298 787 3372 Glycerium
804 3319 829 3370 r,
846 3300 944 3374 inquit,
963 3321 974 3354 r
991 3299 1057 3374 quid
1071 3301 1152 3375 ogis?
1166 3319 1236 3376 quor
1250 3310 1277 3360 te
1292 3303 1315 3360 is
1330 3305 1516 3378 perditumtr

528 3387 595 3444 'lum
611 3387 668 3455 illa,
684 3396 715 3445 ut
728 3399 888 3447 consuetum
902 3390 982 3446 facile
998 3407 1119 3448 amorem
1134 3408 1273 3461 cerneres,

531 3477 634 3551 llejecit
647 3495 675 3534 se
688 3477 716 3534 iu
730 3496 793 3536 eum
807 3480 876 3536 ssens
889 3496 969 3552 quam
983 3479 1154 3537 familiariter
1168 3481 1218 3554 (l).

505 3650 535 3722 0
561 3674 701 3726 suavem
731 3650 999 3727 adolescentium
1027 3653 1296 3750 imprudentiam
1326 3678 1391 3731 nec
1415 3657 1520 3731 turben

355 3848 358 3856 ,
458 3775 676 3850 circumlusae
692 3799 756 3852 neo
774 3777 880 3874 patris
892 3777 1055 3852 adstantis
1069 3779 1340 3873 recordantium,
1357 3791 1392 3857 et
1408 3784 1521 3888 oecul-

491 3988 525 4053 (l)
542 3986 648 4046 Andria.
659 3991 678 4049 l,
688 3990 710 4040 l.
721 3993 786 4040 lleuc
799 3993 898 4055 longam
910 3991 1017 4044 Simonis
1030 3994 1204 4057 uerrutionom,
1213 4001 1240 4045 ut
1255 4000 1320 4046 recte
1335 3999 1520 4048 mornumetau

460 4072 656 4130 persuadendum
671 4071 780 4120 monime
794 4077 1013 4136 accommodatam,
1029 4076 1112 4125 laudet
1126 4075 1224 4126 Cicerot
1241 4096 1250 4122 r
1269 4077 1348 4127 Mores
1362 4080 1521 4129 adolescentis

462 4149 547 4212 ipsius,
562 4157 586 4200 ot
599 4151 695 4202 servilis
707 4154 866 4214 percontatio,
881 4169 947 4205 mors
960 4156 1094 4221 Chrysidis,
1108 4156 1189 4207 vultus
1202 4161 1227 4208 et
1241 4159 1328 4218 torma,
1343 4165 1369 4208 et
1380 4160 1520 4212 lamentatio

459 4232 558 4291 sororis,
573 4233 675 4294 reliquo,
689 4233 799 4296 pcruuric
809 4235 964 4298 jucundeque
979 4242 1117 4286 nnrrnntur.
1133 4254 1143 4282 n
1161 4237 1325 4301 (Domnicio,
1342 4240 1371 4292 ll.
1388 4235 1438 4303 80.)
