3330 5258
607 469 765 529 „29-

144 625 202 678 res
221 602 340 692 odore,
360 602 416 678 sed
441 612 561 702 gallur
583 603 753 701 amphora
778 603 938 695 delectat,
965 603 1140 682 Booelrum
1171 609 1214 684 ad

145 751 250 803 snum
271 727 436 802 auxilium
453 727 624 805 advocans
646 755 655 802 :
1063 749 1066 756 ⁴

293 941 407 1017 Respice
422 943 456 999 ad
472 960 526 1012 me,
540 943 610 1000 lena.

470 1059 555 1115 nnus.
572 1089 605 1102 »-
616 1060 758 1133 lnperaror
771 1060 831 1133 quis
845 1062 908 1118 est‘!

146 1174 222 1230 Pu...
238 1205 273 1214 —-
285 1173 346 1230 Vini
359 1173 476 1248 pollens,
491 1174 597 1249 lepidus
611 1174 701 1246 Liber,

294 1263 354 1320 'lilii
370 1264 416 1337 qui
430 1265 559 1332 screanti,
575 1265 664 1333 siccae,
679 1265 850 1322 semisomnro

293 1353 385 1410 neren
400 1353 547 1428 polionem,
564 1362 591 1410 ot
604 1354 677 1410 sirim
692 1355 816 1411 sedatum
829 1353 859 1411 il.

199 1525 366 1601 Eamdem
389 1535 425 1600 ul
442 1527 503 1600 sibi
520 1474 703 1626 prosiliam
722 1525 848 1603 official
865 1556 871 1597 :

294 1733 404 1791 Tibine
420 1751 482 1807 ego,
498 1734 520 1790 si
536 1733 617 1790 fidem
631 1751 723 1790 serras
736 1751 853 1803 mecum,

294 1823 408 1880 Vineam
421 1841 471 1898 pro
487 1841 570 1881 aurea
585 1832 676 1882 statua
689 1832 808 1882 statuam

296 1915 361 1980 Quae
374 1924 420 1972 luo
434 1915 539 1987 gutluri
553 1914 588 1971 sil
601 1922 818 1971 monumentum.

200 2085 266 2161 ¹Ubi
279 2085 765 2184 primumamieomadspexil,
776 2086 850 2185 jam
862 2108 928 2160 non
947 2086 999 2160 sui
1014 2109 1086 2184 pren
1105 2085 1220 2160 admi-

150 2212 286 2287 ratione
299 2234 452 2310 oompos,
471 2212 692 2288 vehementes
707 2211 814 2286 animi
831 2211 977 2288 nlleolus
992 2211 1170 2288 effundere
1186 2201 1220 2287 el

151 2360 235 2412 oum
253 2338 320 2413 alio
339 2339 600 2414 communicare
617 2339 717 2438 gestit
740 2363 748 2412 :

153 2562 249 2618 Pnrao.
267 2593 301 2604 ·-
317 2563 455 2632 Palinure,
472 2563 608 2621 Palinure,

433 2679 527 2737 Parim.
545 2714 579 2721 —
594 2680 739 2754 Eloquere,
752 2678 815 2754 quid
828 2689 869 2738 osl
880 2679 952 2754 quod
964 2677 1121 2738 Palinurum
1132 2694 1218 2736 voees.

155 2805 204 2862 Pn.
217 2805 419 2880 —Esllepirla

282 2922 344 2978 Pau.
360 2921 495 2982 —Nimis
508 2924 608 2998 lepida.

495 3040 543 3096 Pu.
611 3042 673 3098 Sum
690 3041 768 3097 (leus.

641 3157 704 3214 Per„
719 3190 753 3198 -
766 3151 850 3213 lmmo
862 3156 941 3214 lromo
956 3155 1021 3212 haul
1034 3154 1126 3228 magni
1141 3154 1219 3229 proli.

205 3357 406 3432 Palinurum
427 3358 609 3458 frigentem
628 3367 661 3433 el
682 3367 814 3433 tantam
837 3357 905 3432 vim
935 3357 1064 3431 umoris
1093 3355 1222 3452 vitupe-

156 3491 291 3558 rantem
312 3481 384 3558 odit
406 3491 440 3558 et
462 3485 635 3582 inorepal;
662 3483 719 3558 hir·
741 3491 858 3558 aulem
885 3505 1016 3574 servae,
1042 3489 1078 3555 ul
1102 3480 1221 3577 ineipil

152 3609 310 3706 jamnon
331 3608 468 3699 herum,
485 3607 541 3684 sed
560 3610 634 3684 heri
651 3609 797 3683 amicam
815 3609 939 3686 acerbe
952 3606 1050 3682 dietis
1062 3627 1221 3704 carpere,

157 3757 229 3808 suae
248 3733 401 3810 audaciae
415 3737 588 3834 graviores
601 3758 720 3834 poenas
737 3734 910 3834 expondil.

206 3860 401 3938 Vehemens
415 3871 465 3937 est
477 3870 512 3938 el
525 3861 695 3937 ooooilala
707 3861 903 3936 Phaedromi
921 3860 1066 3950 indoles,
1082 3859 1222 3935 sednon

159 3985 325 4084 usquead
341 3987 567 4084 petulantiam
583 3998 616 4064 el
627 3988 904 4087 prolervilatom3
922 3987 1026 4063 eliam
1042 4009 1152 4085 quum
1165 3985 1224 4082 ju-

158 4121 297 4188 ventute
317 4124 350 4188 et
373 4137 490 4189 amore
514 4112 714 4204 effervescit,
740 4121 774 4190 et
796 4136 917 4188 amoos
936 4122 1112 4188 amantem
1130 4101 1223 4186 arole

157 4239 410 4337 complectitur,
430 4239 533 4316 ardor
546 4240 651 4314 animi
668 4262 734 4313 non
753 4239 786 4312 io
806 4239 955 4315 obsoena
968 4238 1073 4314 rerba
1095 4247 1129 4312 el
1148 4246 1224 4311 tnr-
