3330 5258
607 453 768 527 Ι--ιι-

155 589 264 687 magis
292 590 427 687 ineptes
446 611 553 688 quam
586 588 697 665 loedes
733 591 769 662 in
796 590 946 664 amando
977 611 1090 666 meres
1113 600 1226 665 esten-

155 715 255 789 dunt.

203 840 415 939 Argyrippus
433 841 469 915 iu
484 840 661 932 Asinaria,
680 849 861 939 postquam
881 840 1050 938 quidquid
1071 841 1223 914 habebat

157 965 312 1058 pecunia
329 963 494 1062 proludit,
509 967 620 1042 alena
630 965 722 1041 ieras
734 967 877 1065 ejectus,
892 966 1035 1040 domum
1056 967 1223 1058 clausam,

155 1091 321 1166 Dinarchi
346 1090 466 1182 instar,
502 1093 647 1183 obsidet,
681 1102 714 1168 et
742 1094 829 1168 lenae
860 1093 1014 1166 aenvieia
1038 1092 1158 1167 delens
1184 1115 1225 1168 ae

155 1218 451 1315 gemenspatitur3
465 1219 771 1294 Dinareheautem
782 1218 1225 1315 melierpuellamrevisere

155 1349 263 1440 aptat,
294 1365 315 1415 a
343 1361 413 1440 qua
446 1351 581 1417 certum
614 1343 720 1418 habet
749 1366 823 1418 sese
860 1343 985 1417 aeriter
1022 1343 1221 1417 desiderari.

156 1469 267 1556 Quem
288 1467 429 1542 diuitem
457 1476 491 1542 et
520 1471 629 1543 multa
649 1469 837 1545 donantem
859 1469 1000 1558 amavit,
1027 1468 1223 1543 Philenium

157 1601 249 1667 amat
279 1594 382 1667 etiam
405 1601 562 1692 egentem
594 1602 628 1668 et
653 1595 814 1669 lacrimas
838 1601 974 1667 tantum
1002 1595 1221 1691 largientem.

155 1718 298 1791 Frustra
320 1741 384 1792 sua
410 1717 441 1792 ei
468 1726 580 1793 mater
602 1718 723 1793 suadet
741 1720 861 1794 breves
887 1727 921 1794 et
950 1717 1060 1793 varies
1089 1741 1225 1795 amares

155 1841 282 1938 quihus
311 1841 422 1940 magis
442 1865 541 1916 suam
568 1865 643 1918 rem
673 1851 820 1942 augeat3
847 1866 902 1916 res
926 1851 1029 1917 aueta
1056 1842 1225 1940 nunejus

157 1967 315 2040 animum
339 1967 420 2040 satis
446 1967 579 2065 implet,
599 1976 633 2042 et
650 1968 743 2066 qued
762 1969 821 2043 det
841 1968 923 2042 huie
952 1968 1069 2042 anime
1097 1968 1223 2042 sitienti

157 2115 255 2165 suam
272 2099 420 2167 matrem
439 2116 597 2168 sermone
612 2093 798 2167 miserabili
812 2101 934 2192 regat:

229 2322 319 2379 Etiam
334 2324 427 2397 opilio,
444 2324 491 2398 qui
507 2324 603 2397 pascit,
620 2313 717 2394 mater,
734 2323 837 2381 alienas
851 2341 926 2392 oves,

229 2413 356 2487 Aliquam
371 2413 455 2470 habet
470 2412 647 2486 peculiarem,
664 2413 710 2487 qui
724 2431 800 2487 spem
816 2414 920 2470 soletur
934 2430 1021 2469 suam.

231 2503 294 2560 Sine
310 2520 353 2559 me
369 2520 461 2559 amare
475 2522 561 2561 unum
575 2504 774 2578 Argyrippum,
790 2504 873 2560 animi
887 2521 983 2573 eausa,
1000 2521 1082 2578 quem
1096 2503 1157 2560 vale
1172 2505 1222 2576 (1).

157 2721 336 2818 Perplaeet
366 2743 452 2819 erga
482 2721 632 2818 puellam
657 2731 730 2794 tam
766 2717 834 2794 lide
867 2720 1008 2818 dignam
1042 2721 1225 2819 Argyrippi

158 2853 318 2922 constans
342 2846 498 2936 affectus,
529 2855 563 2921 et
586 2847 661 2946 ejus
683 2846 788 2920 verba
807 2846 850 2919 ab
875 2846 987 2920 amiea
1004 2846 1226 2938 digredientis

159 2995 280 3047 aurem
294 2979 446 3046 uestram
464 2972 635 3046 inassueta
658 2972 729 3046 veri
745 2971 874 3046 ameris
889 2970 1108 3069 jucunditate
1129 2971 1226 3046 valde

159 3098 343 3172 delectant.
357 3099 449 3171 luest
463 3097 604 3194 quidem
620 3097 766 3171 Philenii
782 3096 896 3171 verbis
907 3097 956 3170 vis
974 3097 1087 3171 aerior
1100 3097 1226 3171 certius

158 3223 339 3298 eonsilium
372 3223 598 3320 animumque
632 3223 790 3322 graviore
811 3223 954 3298 vulnere
979 3222 1096 3298 lasum
1120 3222 1226 3320 signi·

160 3346 269 3422 licens
283 3373 292 3421 ε

159 3579 322 3636 Pmuumuu.
338 3613 373 3624 -
388 3576 523 3635 Acerhuin
536 3579 617 3634 funus
631 3579 743 3650 (mater)
755 3577 818 3634 filiae
830 3577 905 3649 lacit,
919 3577 942 3633 si
954 3584 982 3634 te
997 3579 1179 3635 carendumst.

407 3903 593 3959 innumerus.
607 3905 726 3956 —Bene
741 3898 819 3968 vale;
837 3899 909 3973 apud
924 3898 1024 3955 Orcum
1039 3906 1066 3956 te
1080 3899 1189 3955 videbo.

230 3990 297 4048 Nam
310 3991 437 4064 equidem
450 4009 495 4050 me
507 3992 575 4064 jam,
591 3998 722 4063 quantum
736 3996 835 4065 petest,
853 4006 869 4045 a
884 3988 939 4045 vita
951 3988 1124 4062 abjudicaba.

189 4249 225 4315 (ι)
240 4250 322 4309 nun..
338 4251 382 4310 m,
397 4249 421 4300 ι.
