3330 5258
909 474 1067 535 ..M-

456 613 764 709 complectentem,
819 631 936 685 nonne
984 621 1078 683 nunc
1127 609 1256 683 rectius
1307 608 1351 683 de
1398 607 1528 684 eodem

457 737 659 814 diceretur?

599 923 621 981 0
636 923 749 995 Libane,
764 931 795 980 ut
808 924 893 980 miser
907 931 950 980 est
963 923 1044 980 homo
1059 923 1107 996 qui
1121 930 1196 979 amat
1207 921 1262 993 (l)!

505 1120 594 1209 Quid
612 1142 693 1196 vero
720 1120 943 1195 Philoniumt
965 1122 1059 1206 Haec,
1087 1119 1120 1193 in
1149 1118 1265 1193 media
1289 1141 1402 1209 coena,
1434 1119 1531 1194 inter

457 1255 631 1344 patremet
644 1247 755 1320 tilium
770 1255 887 1334 strata,
901 1245 985 1320 dum
999 1245 1183 1344 Argyrippi
1196 1246 1359 1335 frontem,
1370 1247 1396 1319 si
1408 1247 1529 1320 minus

456 1373 581 1471 pudor,
598 1372 735 1446 tristitia
751 1373 872 1445 saltem
887 1370 1032 1460 inuadit,
1054 1392 1137 1466 erga
1150 1371 1389 1446 Demenaetum
1407 1373 1528 1445 oscula

457 1499 598 1572 dantem
613 1510 648 1572 et
665 1497 781 1571 uxoris
802 1519 873 1569 suae
896 1496 1036 1593 pallam,
1056 1494 1116 1567 ubi
1133 1495 1352 1592 surripuerit,
1372 1497 1529 1592 promit-

456 1631 584 1698 tentem
631 1646 768 1696 summa
804 1621 966 1696 comitate
995 1619 1124 1711 utitur,
1160 1627 1263 1716 atque
1295 1621 1385 1694 senis
1417 1643 1528 1696 uxore

457 1751 544 1823 irata
562 1749 674 1822 subito
693 1748 941 1823 interveniente
953 1753 988 1821 et
1001 1768 1119 1820 secum
1133 1746 1297 1820 maritum
1314 1747 1525 1838 abducente,

458 1875 503 1948 ila
517 1874 601 1948 nibil
615 1898 684 1948 suae
698 1874 920 1971 impudentiae
934 1872 1090 1962 remittit,
1110 1880 1147 1945 ut
1166 1873 1315 1946 vetulum
1332 1881 1527 1948 amatorem

455 2000 602 2098 jamjam
631 2023 850 2098 egressurum
875 1999 973 2096 pallae
1003 1997 1178 2095 promissae
1210 1997 1298 2073 bene
1328 1999 1528 2075 meminisse

454 2126 575 2223 jubeat
590 2125 654 2223 (2).
678 2126 790 2224 Digna
811 2124 951 2221 quidem
975 2122 1168 2222 Argyrippo
1190 2123 1386 2198 Philcnium
1406 2133 1469 2214 est,
1489 2134 1527 2200 et

457 2253 561 2327 anrbo
580 2252 653 2348 pari
672 2250 864 2349 ignominia
877 2248 996 2323 loedati
1012 2270 1074 2346 par
1090 2247 1209 2322 odium
1227 2249 1278 2322 sui
1293 2249 1436 2324 faciunt.

505 2377 652 2453 Calidori
669 2378 705 2449 in
723 2376 891 2449 Pseudolo
911 2373 1091 2470 turpitudo
1113 2375 1239 2464 minor,
1266 2376 1378 2475 major
1408 2385 1525 2452 autem

457 2504 611 2578 stultitia.
657 2502 722 2576 Hic
754 2501 847 2574 eninr
887 2522 984 2573 suam
1027 2523 1111 2599 erga
1162 2500 1377 2575 Phoenicium
1417 2502 1522 2577 fidem

456 2637 593 2728 questu,
609 2627 754 2724 gemitu,
766 2625 1012 2701 lamentatione
1026 2634 1194 2723 perpetua
1212 2635 1368 2718 testatur,
1387 2636 1421 2702 et
1434 2628 1524 2724 lepi-

456 2756 517 2830 das
532 2753 672 2828 tabellas
686 2752 808 2850 lepidis
826 2751 949 2826 litteris
971 2751 1086 2848 lepida
1106 2775 1211 2825 manu
1235 2751 1279 2826 ab
1301 2753 1412 2828 amica
1440 2776 1523 2828 oon-

456 2881 597 2978 soriptas
609 2879 950 2954 exanimatussecum
967 2885 1078 2976 gestat
1087 2878 1304 2974 lacrimisque
1314 2881 1523 2973 perennibus

457 3006 552 3079 lavit.
578 3005 705 3079 Scribit
723 3005 796 3101 ipsa
812 3003 1029 3078 Phoenicium
1049 3025 1117 3078 non
1139 3004 1211 3078 sine
1234 3027 1360 3102 magno
1389 3005 1520 3103 gemitu

457 3155 492 3206 se
514 3129 723 3205 Macedonici
741 3129 856 3203 militis
871 3129 907 3201 in
930 3151 1088 3220 manum,
1119 3129 1183 3201 nisi
1207 3129 1372 3203 auxilium
1391 3129 1522 3204 affera-

424 3337 427 3344 ,
458 3267 527 3348 tur,
547 3256 695 3356 jamjam
726 3263 908 3329 venturam
930 3277 1023 3342 esse;
1050 3253 1150 3351 cujus
1178 3254 1328 3350 epistolae
1355 3256 1382 3328 si
1410 3257 1523 3352 prima

457 3390 594 3456 tantum
609 3381 714 3456 verba
736 3382 880 3477 legeres,
901 3401 1037 3453 amores
1055 3377 1141 3452 adeo
1158 3378 1357 3453 lacrimosus
1374 3403 1523 3477 praeser-

457 3508 518 3581 tim
540 3507 575 3580 in
594 3506 760 3581 Plautinis
778 3505 903 3579 fabulis
921 3504 1018 3578 valde
1033 3503 1222 3597 mirareris3
1248 3505 1427 3600 sequentia
1439 3529 1522 3580 vero

457 3633 554 3707 ludos
580 3633 708 3708 amoris
730 3630 824 3706 brevi
844 3631 1015 3727 perituros
1043 3627 1090 3700 ita
1120 3626 1231 3702 vivide
1252 3628 1465 3720 describunt,
1484 3639 1524 3707 ut

457 3760 577 3833 ambos
604 3767 759 3833 amantes
779 3755 953 3830 interdum
983 3753 1065 3827 tletu
1095 3752 1297 3828 abstinuisse
1324 3755 1518 3853 suspiceris.

456 3888 554 3961 Nunc
567 3894 697 3973 autem,
711 3882 822 3956 amica
834 3903 934 3979 paene
950 3879 1088 3967 amissa,
1101 3886 1197 3952 tanta
1216 3887 1266 3954 est
1281 3881 1429 3958 Calidori
1446 3882 1523 3957 des-

458 4014 603 4110 peratio,
619 4019 657 4084 ut
671 4010 724 4083 bis
736 4007 799 4080 sibi
815 4014 962 4080 mortem
978 4003 1188 4080 consciscere
1202 4005 1294 4081 velit.
1310 4007 1354 4080 Se
1368 4007 1520 4102 primum

489 4211 523 4274 (l)
540 4209 622 4266 Asin,
636 4208 676 4265 ΙΙΙ,
692 4206 715 4255 3.

490 4290 524 4353 (ΙΙ
541 4288 622 4344 Asin..
638 4288 664 4346 v,
680 4285 703 4334 P.
