3330 5258
585 497 620 504 ..
638 467 673 522 83
694 495 726 504 ..

126 594 198 691 ipsa
215 600 386 690 quantum
411 614 431 665 a
450 591 616 666 Plautinis
638 591 865 667 Bacchidibus
880 591 1024 666 avaritia
1045 598 1080 666 et
1104 615 1190 688 pro·
1252 605 1254 608 ’

126 718 281 794 torvitate
301 720 503 815 superaturi

175 847 345 918 Parmeno
364 853 507 932 serrus‚'
522 852 702 940 postquam
728 843 906 918 Chaeream
930 842 1081 917 eunuchi
1101 851 1192 918 veste

129 971 284 1046 indutum
305 969 339 1043 in
363 969 507 1044 doraum
525 969 753 1044 meretriciam
777 969 887 1060 duxit,
909 969 970 1042 sibi
999 969 1192 1068 gratulatur

37 1189 41 1197 l
129 1095 219 1192 quod
235 1095 400 1192 repererit
525 1071 528 1082 ¹

615 1325 749 1398 quomodo
763 1306 984 1382 adulescentulus

202 1415 374 1474 Meretricum
388 1413 497 1486 ingenia
510 1421 537 1470 et
551 1430 641 1469 mores
653 1423 746 1487 posset
760 1431 883 1483 noscere,

203 1505 307 1564 hatur-e
322 1511 351 1560 ul
367 1521 448 1578 quom
462 1502 585 1576 cognorit
598 1511 732 1578 perpetuo
747 1504 844 1560 oderit.

205 1596 271 1660 (luee
284 1595 348 1652 llum
362 1593 430 1650 loris
445 1601 517 1664 suut,
533 1593 569 1650 nil
582 1592 688 1650 videtur
701 1590 838 1662 mundius,

205 1685 258 1740 Nec
271 1685 359 1760 magis
371 1683 549 1758 compositum
563 1683 718 1757 quiequam,
734 1701 785 1740 nec
796 1683 884 1756 magis
896 1683 1008 1756 elegans
1023 1702 1029 1738 :

204 1772 270 1840 Qua
282 1791 342 1830 curn
354 1781 476 1831 amatore
486 1789 535 1829 suo
546 1790 607 1829 eum
618 1781 725 1839 cenant,
736 1773 894 1846 ligurriunl,
1004 1785 1005 1790 ’

205 1864 305 1922 Harum
321 1864 414 1920 videre
428 1863 566 1932 iuluviem,
581 1863 688 1932 sordeS,
702 1863 833 1936 inopiam,

206 1955 292 2019 Quam
308 1955 461 2010 inhonestae
476 1953 541 2012 solae
554 1953 608 2010 sint
621 1954 694 2010 domi
706 1963 789 2027 atque
803 1953 889 2010 auidae
906 1953 968 2022 cihi,

206 2045 262 2108 Quo
279 2051 357 2117 pacto
374 2061 406 2100 ex
418 2043 481 2116 jure
496 2043 624 2102 hesterno
639 2060 738 2118 panem
752 2052 842 2099 atrum
858 2051 962 2113 vorent,

205 2133 288 2190 Nosse
304 2133 395 2190 omnia
410 2132 468 2189 haee
483 2131 557 2189 salus
569 2141 610 2192 est
623 2131 830 2189 adulescentulis
846 2133 895 2204 (ll.

185 2331 272 2406 hlale
291 2353 432 2427 prorsus
451 2331 554 2428 elegit
575 2332 744 2408 Parmeno
767 2331 910 2406 alonium
926 2353 945 2405 e
960 2353 1028 2427 qua
1056 2331 1161 2404 virtus
1185 2355 1203 2404 e

140 2456 291 2554 turpium
324 2477 459 2530 morum
489 2455 624 2530 fastidio
648 2456 810 2543 oriretur,
844 2479 908 2531 nec
939 2456 1083 2532 Chaerea
1113 2455 1203 2554 apud

138 2581 318 2672 Thaidem,
338 2605 399 2656 nec
417 2604 477 2656 nos
496 2599 641 2678 usquam
661 2581 693 2654 in
713 2582 928 2660 Terentianis
942 2581 1066 2657 fabulis
1081 2583 1204 2658 tradis-

139 2707 241 2780 simas
266 2707 346 2780 istas
375 2706 574 2782 meretrices
599 2706 892 2808 deprehendi-mus
913 2731 999 2804 quas
1022 2686 1201 2784 venustum

141 2842 248 2930 poetae
265 2831 443 2930 ingenium
459 2833 564 2908 semel
578 2842 613 2907 et
627 2832 738 2906 obiter
750 2833 875 2930 attigit,
895 2857 1072 2930 nunquam
1089 2845 1203 2909 autem

140 2959 249 3033 oculis
268 2957 438 3056 subjicere
458 2957 629 3031 sustinuit.
642 2959 774 3055 Lepore
789 2966 922 3048 contra,
941 2961 1206 3034 mansuetudine

142 3093 175 3158 et
194 3083 346 3157 bonitate
365 3091 503 3158 ornatas
529 3106 564 3157 se
588 3083 760 3180 pleraeque
776 3083 943 3180 praebent,
974 3093 1077 3181 atque
1103 3085 1215 3160 etiam.

142 3208 263 3284 audire
290 3217 341 3284 est
368 3231 472 3282 unam
494 3231 534 3282 ex
562 3208 628 3280 illis
656 3207 746 3281 hane
774 3187 897 3282 nriram
916 3218 1044 3285 etvere
1070 3211 1207 3286 unicam

142 3335 279 3410 laudem
300 3334 362 3407 sibi
393 3343 658 3431 proponentem,
681 3342 720 3409 ut
745 3335 905 3408 maritum
919 3344 953 3408 et
978 3358 1121 3410 uxorem
1140 3337 1212 3412 dis-

146 3470 273 3535 tractos
289 3460 323 3532 in
336 3460 513 3556 pristinam
532 3459 752 3534 concordiam
766 3459 980 3556 reducatlhl.
1002 3457 1088 3552 Qum
1103 3487 1212 3560 quum

145 3589 192 3662 ita
209 3588 289 3672 sint,
318 3585 431 3660 nescio
449 3610 493 3659 an
519 3585 714 3660 Bossuetius
733 3609 853 3660 earum
880 3586 975 3660 dolos
999 3595 1033 3662 et
1061 3586 1212 3664 fallacius

148 3712 297 3810 rnajores
310 3709 371 3783 sihi
389 3733 462 3786 esse
475 3709 613 3785 finxerit
628 3733 733 3808 quam
750 3733 870 3786 revera
886 3711 1020 3809 sunt(3)
1037 3735 1100 3788 nec
1115 3713 1210 3788 alhr-

179 3935 212 3999 (l)
228 3931 386 3993 eurt,t1,t.

178 4015 212 4080 (⁶2)
229 4015 298 4073 Hac,
311 4013 338 4072 V,
351 4013 373 4061 l.

179 4095 209 4156 (3)
229 4115 239 4142 u
251 4096 314 4155 Quid
324 4107 456 4144 memorem
468 4097 494 4142 ut
504 4094 637 4154 Delphinus
648 4096 673 4143 in
685 4096 797 4145 Terentio
810 4097 917 4148 suaviter
927 4103 1000 4161 atque
1011 4099 1104 4150 utiliter
1120 4101 1215 4162 luserit,

151 4183 289 4240 tlurantoqua
304 4192 330 4226 se
345 4175 384 4225 hie
398 4189 481 4224 renuam
500 4176 662 4226 humanarum
679 4179 788 4240 exempla
805 4180 966 4241 praehuerint,
986 4183 1092 4231 intuenti
1116 4183 1216 4232 l'alluces
1276 4241 1278 4246 y

150 4261 303 4322 voluptatum
328 4271 357 4306 ae
376 4257 574 4306 muliercularum
596 4256 733 4317 illecebras,
756 4259 992 4310 adolescentulorum
1019 4260 1165 4325 impotentes
1193 4268 1217 4312 ct
