3330 5258
640 457 800 521 ..13-

180 587 359 687 deprimit,
381 590 477 664 istius
500 590 651 665 thesauri
673 595 897 691 comparandi
928 617 1044 670 causa.
1070 601 1182 672 Herus
1209 623 1249 674 ac

180 714 265 789 civis
283 738 324 789 eo
337 715 556 812 turpitudinis
572 716 749 793 descendit
769 728 806 792 ut
825 720 929 793 servis
948 722 1130 819 supplicet,
1148 723 1247 798 blau-

179 841 307 932 diatur,
324 851 358 918 et
375 865 433 918 eos
449 843 687 939 pulcherrimis
702 845 898 920 horninibus
912 858 1077 923 exornet:

320 1086 415 1143 Custos
428 1085 515 1155 erilis,
530 1086 613 1143 decus
627 1087 712 1162 popli,
726 1088 891 1145 thensaurus
904 1091 1056 1164 copiarum,

320 1177 400 1233 Salus
411 1177 550 1234 interioris
562 1177 691 1246 hominis,
705 1179 859 1253 amorisque
872 1181 1021 1254 inperator.

174 1395 230 1472 Ad
244 1396 434 1472 Leonidam
448 1396 524 1492 illa3
543 1398 618 1471 hac
632 1396 675 1471 ad
687 1397 858 1472 Libanum
878 1423 887 1472 ε

318 1639 467 1709 OLibane,
482 1641 519 1697 mi
534 1648 657 1714 patrone.

221 1850 291 1924 Nec
328 1849 408 1924 satis
448 1849 552 1924 habet
590 1873 626 1924 se
662 1857 798 1924 tautum
838 1851 991 1947 turpari,
1029 1852 1085 1926 sed
1128 1853 1237 1949 ipsam

171 1975 320 2049 amicam
345 1976 397 2050 sui
421 1974 598 2050 dedecoris
619 1975 835 2073 participem,
859 1985 1008 2074 egestate
1030 1979 1233 2074 imperante,

170 2099 245 2175 lieri
261 2101 353 2186 sinit,
378 2109 481 2198 atque
497 2125 575 2176 eam
596 2101 778 2175 blanditias
792 2110 825 2176 et
846 2103 962 2176 oscula
988 2103 1122 2200 utrique
1139 2128 1236 2180 servo

169 2226 319 2301 vicissim
332 2226 608 2322 largiripraeseus
619 2234 653 2301 et
666 2227 782 2302 videus
792 2228 931 2324 patitur.
950 2230 1020 2302 Cur
1041 2201 1088 2301 ila
1110 2229 1234 2326 ignavo

169 2351 349 2449 etabjecto
364 2351 571 2427 adolescenti
583 2351 735 2426 Leonida
756 2361 790 2424 et
806 2351 957 2425 Libanus
968 2353 1058 2424 ultra
1069 2361 1235 2449 parcant?

169 2474 345 2573 Quidquid
373 2475 578 2572 probrorum
607 2474 793 2548 scurrilitas
824 2475 951 2550 servilis
976 2475 1106 2574 litigare
1137 2488 1171 2552 et
1199 2478 1233 2550 iu

169 2602 295 2677 herum
311 2623 499 2699 congerere
518 2608 641 2697 potest,
664 2601 738 2674 heri
753 2602 919 2697 patientia
931 2603 1052 2678 tolerat
1069 2629 1076 2676 :
1095 2604 1236 2678 alterius

169 2750 283 2826 genua
301 2725 415 2816 fricat,
431 2727 579 2801 alterum
598 2726 699 2801 dorso
719 2734 829 2824 gestat
846 2727 1008 2824 vehitque
1024 2729 1186 2825 taliaque
1201 2738 1235 2803 ct

170 2853 217 2926 ita
238 2853 407 2926 tractabili
429 2853 700 2949 superbientem.
733 2855 819 2926 Num
844 2865 944 2949 putas
975 2853 1066 2928 hunc
1091 2877 1232 2929 omnem

169 2979 391 3077 ignominiam
422 2978 646 3054 exhausisse?
680 2978 759 3052 audi
788 2989 902 3054 cetera
936 2988 969 3053 et
1008 2978 1232 3054 loedissimam

168 3105 260 3202 pacti
275 3104 521 3193 conditionem,
536 3126 607 3200 qua
626 3113 761 3178 tantum
778 3114 918 3202 accepta
935 3113 1103 3203 exoptatae
1128 3107 1232 3180 minat

168 3230 411 3305 concedantur.
427 3232 658 3319 Demeuaetus,
676 3230 856 3328 Argyrippi
872 3240 981 3326 pater,
1001 3231 1101 3329 cujus
1129 3231 1231 3305 minae

175 3366 265 3446 sunt,
283 3380 350 3433 uon
371 3359 469 3432 aliter
488 3380 547 3432 eas
571 3355 641 3430 lilio
666 3355 784 3447 donat,
812 3379 917 3453 quam
942 3357 969 3429 si
995 3357 1142 3432 Philenii
1164 3382 1232 3434 nox

168 3492 201 3559 et
215 3500 316 3558 coeua
330 3483 394 3556 sibi
412 3483 658 3558 retribuantur.
681 3483 797 3555 Bonus
810 3480 900 3555 filius
913 3505 983 3556 non
1005 3483 1106 3557 nimis
1121 3486 1229 3580 repeti

168 3607 1230 3706 protantomunereexistimat,ettamcitoremexpostulatam
1331 3669 1335 3683 .

167 3736 301 3824 annuit,
332 3743 371 3808 ut
406 3734 593 3808 Leonidam
628 3734 741 3830 ipsum
771 3732 955 3805 attonitum
988 3731 1102 3823 iaciat,
1140 3733 1229 3807 inlra

166 3883 300 3934 servum
341 3882 453 3957 nuper
486 3858 634 3934 deformi
667 3857 852 3956 obsequio,
888 3880 981 3932 nurrc
1013 3858 1228 3954 impudentia

166 3987 355 4062 revolutus*
381 3987 432 4057 En
460 4007 528 4083 quo
559 3984 680 4059 recidit
706 4007 804 4058 amor
828 3983 949 4082 viginti
975 3983 1077 4056 minis
1097 3988 1223 4082 egensl

164 4110 261 4200 Quod
288 4133 399 4208 nuper
427 4110 579 4184 Leonida
605 4110 832 4199 exclamabat,
864 4133 971 4206 quum
995 4109 1225 4208 Argyrippum

165 4236 355 4334 adspiceret
389 4237 606 4328 philemiam,
634 4245 820 4333 antequam
852 4232 1101 4334 digrederetur,
1130 4241 1224 4306 arcte
