3330 5258
454 541 621 599 Drutncnus.
637 571 671 582 -
686 540 801 596 Lucrum
816 537 908 593 hercle
923 535 1019 592 videor
1032 534 1122 592 facere
1138 533 1216 604 mihi,
1230 534 1355 609 voluptas
1369 550 1437 602 mea,

630 628 681 686 Ubi
696 629 836 702 quippiam
850 643 894 682 me
910 625 1010 700 poscis

755 762 948 818 Pnnonnsxun.
968 793 1003 801 -
1021 761 1054 817 lt
1068 777 1130 834 ego,
1146 760 1193 816 uhi
1209 760 1308 816 ahstuli
1324 761 1375 831 (tt.

455 961 601 1032 Munera
622 953 736 1028 statim
761 954 877 1042 missa,
906 975 1031 1050 nempe
1054 952 1209 1050 quinque
1233 952 1337 1026 minae
1362 958 1395 1026 et
1419 951 1534 1025 obso-

456 1083 568 1171 nium,
608 1079 708 1155 lacile
750 1079 1002 1168 admittuntur,
1041 1077 1233 1154 excluditur
1266 1100 1348 1153 vero
1385 1086 1533 1152 amator

456 1205 722 1303 superveniens;
739 1204 826 1278 alius
839 1205 934 1280 enim
948 1204 1108 1279 rusticior
1126 1203 1281 1300 quidem,
1304 1203 1364 1277 sed
1380 1212 1534 1300 propter

456 1331 576 1429 viginti
620 1330 732 1404 minas
769 1330 857 1426 petri
892 1337 1066 1425 surreptas
1099 1329 1288 1403 Phronesio
1326 1329 1530 1425 acceptior,

457 1456 668 1530 Dinarchum
694 1455 805 1544 amica
826 1455 928 1527 simul
954 1462 988 1529 et
1010 1453 1151 1528 obsonio
1173 1452 1369 1528 frustratur.
1398 1455 1532 1528 Utrum

460 1590 592 1678 raptam
611 1580 761 1654 amicam
776 1603 819 1653 an
838 1579 1018 1653 obsonium
1037 1579 1148 1678 magis
1163 1578 1290 1669 doleat,
1310 1579 1382 1676 ipse
1397 1580 1533 1654 Dinar-

459 1708 546 1782 chus
560 1706 594 1778 in
611 1705 743 1780 incerto
758 1704 934 1802 relinquit,
952 1713 1046 1778 tanta
1059 1705 1276 1779 vehementia
1289 1704 1480 1779 exclamat:

1094 1919 1171 1976 llline
1185 1927 1216 1975 ut
1230 1919 1333 1975 inimici
1348 1921 1401 1975 mei

363 2015 370 2030 ’
462 2012 535 2069 Bona
547 2010 607 2068 istie
617 2009 712 2067 edant!
727 2017 864 2066 mortuum
872 2009 964 2065 hercle
972 2027 1027 2077 me,
1038 2026 1120 2082 quam
1132 2016 1163 2065 ut
1178 2010 1205 2066 id
1218 2009 1317 2084 patiar,
1333 2009 1529 2082 mavelim(2)!

512 2210 642 2286 hmicaa
667 2209 720 2284 vel
743 2207 858 2282 infidae
883 2207 996 2283 forsan
1025 2209 1228 2308 ignosceret,
1257 2209 1283 2282 si
1313 2217 1385 2282 tam
1419 2209 1532 2308 opimi

464 2335 610 2411 convivii
643 2334 813 2432 particeps
839 2333 958 2419 saltem
982 2341 1086 2426 esset;
1119 2333 1185 2407 hoc
1217 2343 1331 2408 autem
1364 2344 1531 2435 negatum
1639 2375 1640 2390 2

465 2462 513 2536 ita
542 2466 618 2558 ejus
643 2460 728 2532 iram
753 2459 901 2551 exacuit,
925 2466 962 2532 ut
993 2458 1173 2533 consilium
1195 2483 1257 2533 sua
1281 2484 1388 2558 prava
1405 2471 1534 2537 natura

465 2586 553 2662 hene
583 2585 728 2682 dignum
764 2583 937 2681 suscipiat,
968 2606 1093 2682 nempe
1115 2585 1341 2660 Phronesium
1372 2595 1409 2660 ut
1430 2589 1533 2685 pueri
1639 2577 1640 2590 ’

466 2711 713 2809 suppostricem
744 2709 1002 2808 magistratibus
1023 2709 1213 2786 deferendi.
1241 2714 1284 2784 At
1307 2711 1430 2802 rabies,
1461 2736 1533 2809 que
1639 2743 1640 2748 ¹

467 2837 596 2936 agitur,
621 2819 733 2909 subito
756 2833 959 2910 defervescit
974 2844 1007 2910 et
1030 2835 1064 2908 in
1083 2858 1248 2934 magnum
1267 2836 1428 2912 timorem
1447 2861 1532 2912 ver·
1639 2917 1640 2922 ,

468 2964 564 3055 titur,
595 2961 755 3058 adspeoto
786 2983 865 3035 sene
889 2961 1039 3052 Callicle,
1077 2960 1175 3058 cujus
1201 2960 1321 3054 filiam,
1348 2962 1411 3036 sibi
1435 2964 1534 3060 prius

468 3088 685 3185 desponsam,
714 3085 829 3161 ebrius
854 3087 1035 3183 stupravit,
1062 3094 1322 3184 stupratamquo
1351 3097 1385 3162 et
1416 3089 1534 3188 gravi-

469 3212 550 3286 dam
568 3209 730 3300 deseruit,
743 3219 781 3285 ut
801 3211 844 3285 ad
863 3210 1041 3309 indignam
1060 3211 1277 3286 meretricem
1296 3235 1375 3287 suos
1395 3236 1535 3289 autores
1639 3237 1640 3248 ἢ

435 3373 440 3384 ·
470 3336 682 3412 transferret.
708 3337 849 3412 Nullum
878 3337 971 3411 enim
990 3336 1158 3435 flagitium
1178 3346 1228 3411 est
1252 3338 1351 3436 cujus
1372 3361 1441 3413 non
1467 3339 1534 3416 sihi

470 3461 625 3539 conscius
654 3461 696 3535 sit
730 3463 791 3537 iste
824 3461 1015 3536 luxuriosus
1048 3462 1255 3554 adolescens
1288 3471 1390 3561 atque
1429 3465 1533 3540 etiam

470 3588 662 3686 turpiorem
682 3588 983 3684 intemperantiam
1003 3611 1114 3685 nuper
1133 3588 1296 3685 Astaphio
1317 3589 1448 3664 ancillae
1460 3590 1535 3666 sine

472 3713 551 3788 luco
572 3712 745 3788 confessus
769 3712 880 3788 luerat
906 3713 968 3811 (3).
996 3715 1111 3802 Quum
1132 3713 1273 3789 andern
1299 3714 1349 3788 vis
1375 3715 1535 3808 ingenuae

473 3838 596 3936 virgini
609 3838 710 3912 illatae
726 3860 808 3914 reus
822 3837 1107 3935 deprehenditur,
1125 3840 1197 3914 solo
1211 3839 1334 3916 timore
1347 3840 1532 3938 impulsus,

505 4061 539 4127 (t)
560 4061 669 4121 thecel,
685 4062 716 4120 11,
730 4060 754 4110 l.

506 4142 541 4207 (t)
561 4140 670 4201 Trucul,
684 4142 721 4201 lv,
736 4140 758 4189 2.

507 4221 541 4286 (3)
561 4221 669 4282 lhueut,
683 4223 701 4282 1,
715 4221 741 4287 ²2*
