3330 5258
923 529 954 535 ..
976 497 1011 550 8⁰2
1029 527 1063 536 ..-

458 626 620 725 querulos
648 634 682 702 et
707 625 875 700 clamosos
890 645 989 721 peeuc
1006 645 1127 697 omnes
1150 621 1193 696 ad
1221 645 1325 696 unam
1346 623 1519 722 singulari

459 750 624 846 patientia
640 748 800 833 tolerant,
822 760 857 821 et
875 746 1001 822 ellectu
1020 746 1121 820 simul
1147 769 1188 821 ac
1207 747 1427 823 veneratione
1448 748 1519 823 cir-

456 873 632 949 cumdant.
659 873 724 970 lpsi
744 872 857 946 mariti
880 872 991 947 verbis
1013 872 1146 946 nonita
1167 871 1313 947 inlicetis
1335 881 1369 947 et
1393 872 1520 970 asperis

455 999 611 1087 seviunt,
628 1005 662 1073 et
680 1019 752 1087 eos,
768 1019 828 1072 ore
846 1005 947 1072 tenus
959 996 1142 1084 minantes,
1158 997 1262 1071 sentis
1276 997 1368 1071 intus
1379 997 1469 1072 tlecti
1487 1007 1520 1072 et

455 1124 565 1224 magis
576 1145 678 1220 quam
693 1121 801 1197 rideri
815 1123 938 1198 vellent
951 1145 1202 1198 mansuescere.
1218 1121 1419 1220 Addequod
1429 1123 1519 1220 opti-

454 1249 519 1322 mis
546 1247 696 1322 morihus
721 1255 800 1322 suut
824 1277 831 1320 :
851 1247 943 1322 solus
969 1247 1134 1324 Chremes
1163 1270 1298 1324 amores
1324 1248 1459 1323 illicitos
1486 1247 1517 1322 in

427 1436 431 1444 .
455 1373 664 1448 Phormione
681 1372 786 1462 fovet,
804 1372 863 1447 sed
883 1395 989 1470 qnam
1010 1372 1098 1448 hene
1112 1373 1252 1460 celatos.
1271 1395 1377 1471 quem
1399 1373 1518 1471 procul

451 1522 472 1572 e
496 1498 619 1573 domet
646 1498 785 1572 lllarnm
811 1498 918 1584 enim,
941 1498 1066 1596 quihus
1086 1522 1122 1575 se
1142 1498 1333 1596 impedivit,
1355 1521 1515 1589 uxorum,

449 1623 601 1698 Athenas
622 1646 691 1697 una
712 1624 805 1710 colit,
827 1624 934 1698 altera
952 1625 1137 1698 Lemnum.
1164 1623 1277 1699 Ceteri
1295 1624 1391 1698 omni
1417 1625 1518 1722 culpa

449 1756 585 1838 careut;
607 1758 837 1846 peccaverunt
855 1748 950 1838 olim,
968 1749 1051 1822 dum
1066 1757 1148 1822 aetas
1161 1757 1195 1824 et
1214 1749 1337 1824 celebs
1355 1749 1426 1823 rita
1452 1771 1517 1846 pa·

450 1875 645 1970 tiebautur3
663 1897 755 1949 nrrrrc
767 1884 895 1963 autem,
915 1883 952 1948 ut
967 1875 1026 1972 qui
1046 1897 1081 1950 se
1108 1875 1330 1950 inatrimouio
1349 1897 1431 1950 vere
1457 1874 1516 1949 ch-

448 2000 660 2083 strinxerint,
686 1999 856 2074 armatoria
880 1997 1035 2073 facinora
1050 2007 1185 2073 tantum
1211 2007 1393 2075 narrantes
1420 2022 1516 2098 repe-

445 2133 538 2216 tunt,
560 2133 595 2200 ct
611 2125 666 2199 uhi
686 2126 763 2222 plus
777 2125 880 2223 paulo
899 2123 1133 2220 adhiberent(
1163 2126 1189 2220 l.

498 2251 595 2326 Serri
621 2250 762 2349 quidem
787 2250 899 2324 ironia
933 2248 1043 2325 laceto
1073 2259 1107 2324 et
1127 2251 1275 2349 eleganti
1303 2272 1382 2326 suos
1417 2252 1517 2328 heros

447 2373 630 2464 deludunt,
660 2373 803 2462 nedum,
834 2374 922 2447 sicut
955 2373 989 2445 in
1014 2374 1180 2447 Plautinis
1219 2373 1357 2465 fabulis,
1390 2376 1517 2450 salibus

448 2501 577 2574 arnaris
593 2508 627 2575 et
641 2498 842 2597 procacibus
854 2499 1076 2584 insectentur,
1092 2509 1126 2574 et
1143 2501 1290 2598 aliquem
1306 2500 1449 2576 modum
1466 2502 1515 2577 rel

446 2624 481 2696 iu
507 2623 661 2720 nequitia
680 2632 830 2714 serrant,
855 2623 902 2696 ita
926 2631 963 2697 ut
983 2622 1074 2720 apud
1099 2625 1261 2699 Plautum
1283 2625 1425 2723 ingenui
1456 2625 1514 2698 riri

447 2749 659 2823 larnulorum
689 2772 802 2826 mores
822 2760 856 2824 et
877 2774 1072 2826 sermonem
1093 2750 1278 2849 saepissime
1307 2750 1438 2826 referre
1470 2751 1517 2822 ri-

448 2874 610 2962 deantur,
640 2874 731 2971 apud
762 2876 962 2950 Terentium
995 2875 1115 2950 famuli
1148 2876 1393 2974 ingenuorum.
1419 2876 1512 2949 lllaur

450 3001 484 3073 in
502 2999 637 3074 Andria
652 2998 815 3076 exinriam
835 3010 869 3076 et
887 3001 987 3076 toties
1001 3010 1230 3076 memoratam
1251 3024 1370 3078 rocem
1393 3027 1401 3074 :

938 3207 1050 3263 ...istaec
1062 3207 1283 3264 commemoratio

640 3295 724 3360 Quasi
738 3295 937 3369 exprobratiost
949 3295 1092 3353 inmemori
1104 3296 1229 3365 henotici,

450 3459 527 3556 quis
540 3459 685 3533 emittitt
705 3482 828 3556 neurpe
842 3481 961 3534 servus
975 3483 1086 3557 nuper
1104 3483 1209 3534 maran
1226 3461 1349 3534 missus
1364 3463 1423 3558 (l).

501 3581 695 3658 Meretrices
713 3581 870 3657 similiter
883 3583 960 3656 aliae
977 3583 1059 3657 vitia
1070 3583 1205 3658 minora
1219 3584 1515 3669 ostendunt,·aliar

450 3705 554 3780 etiam
569 3730 631 3780 sua
655 3706 735 3780 vitia
751 3715 895 3804 pensant
914 3706 1097 3782 virtutihus
1121 3707 1267 3782 eximiis
1290 3709 1403 3782 Unam
1424 3709 1516 3783 inve·

451 3831 508 3905 nio
526 3831 561 3904 in
580 3831 715 3918 luxum,
737 3833 770 3904 iu
791 3831 921 3929 epulas,
944 3832 977 3904 in
1002 3831 1122 3906 vitium
1145 3833 1357 3929 proniorem,
1390 3833 1450 3908 sed
1476 3857 1515 3909 ea

494 4050 503 4099 l
533 4051 622 4101 Hennt.
650 4051 680 4110 ll,
697 4050 718 4097 l.

483 4051 517 4196 {2}
532 4088 658 4193 Andr.,’l,
674 4131 695 4179 l.
713 4133 772 4181 l'ere
787 4134 874 4182 eadem
885 4133 1008 4182 sententia
1021 4133 1086 4195 apud
1100 4132 1242 4183 Ciceronem
1257 4135 1390 4197 invenitur,
1404 4151 1454 4186 non
1467 4139 1515 4184 mm

451 4213 556 4276 egregiis
569 4212 650 4263 verbis
664 4225 795 4275 expressa:
811 4230 821 4259 a
897 4218 1024 4278 perspecta
1038 4213 1094 4272 ilde,
1111 4216 1308 4266 commemoratio
1324 4217 1461 4268 officiorum
1474 4231 1516 4266 su-

449 4305 599 4355 pervacanea
612 4298 657 4342 est.
674 4310 684 4338 n
699 4291 748 4358 (Ad
759 4292 876 4353 dioneos,
890 4294 931 4352 lll,
947 4292 981 4356 5.)
