3330 5258
579 508 678 590 ..255
698 547 738 557 ..

127 640 381 739 conjunxerunt
415 649 450 716 et
484 641 597 733 idem,
637 668 749 742 nuper
782 644 1069 738 adolescentulus,
1102 669 1195 724 nunc

77 783 80 788 '
126 765 1191 869 quesivirleclussuosemoreslortitertuetnr‚utquiminus
1253 793 1255 797 ’

126 915 198 966 suec
214 892 400 990 voluptatis
413 893 559 991 cupidus
572 895 615 969 sit
628 918 735 993 quem
754 896 855 970 officii
870 904 985 971 tenax.
1009 897 1195 972 Amoribos

126 1016 252 1092 deinde
280 1017 390 1092 multo
416 1019 571 1116 periculo
607 1020 849 1096 circumventis
873 1030 908 1095 et
940 1021 1191 1114 laborantibus,

124 1151 228 1240 etque
257 1141 358 1216 simol
390 1151 564 1219 crescente
593 1145 741 1244 Glycerii
768 1144 911 1236 timore,
945 1143 1050 1221 fidem
1077 1146 1193 1221 dotem

124 1266 348 1343 concitatiore
364 1268 481 1343 enimc
496 1267 702 1344 confirmet:
1157 1265 1160 1274 '

888 1465 979 1540 Mysis,

160 1552 212 1610 Per
224 1553 315 1611 omnis
329 1551 378 1609 tihi
393 1552 488 1626 adjuro
502 1552 578 1621 deos,
594 1569 741 1627 numquam
756 1571 816 1610 eam
831 1572 875 1611 me
888 1555 1072 1627 deserturum,
1132 1588 1133 1594 κ

160 1644 227 1715 Non,
245 1646 267 1700 si
283 1643 431 1719 capiundos
446 1643 512 1699 mihi
529 1644 614 1700 sciam
629 1661 689 1701 esse
703 1644 827 1702 inimicos
843 1645 930 1701 omnis
945 1645 1079 1702 homines.

159 1735 234 1792 Hanc
249 1735 286 1790 mi
301 1734 439 1809 expolivi3
455 1733 587 1806 contigit:
605 1736 768 1790 conveniunt
782 1752 890 1792 mores:
907 1735 1015 1792 valeant
1283 1809 1286 1816 ἢ

158 1826 209 1891 Qui
220 1825 293 1883 inter
305 1843 355 1882 nos
365 1824 508 1881 discidium
519 1823 614 1881 volunt
625 1843 631 1878 :
644 1825 715 1881 hene
729 1825 784 1881 nisi
799 1842 874 1882 mors
886 1825 923 1880 mi
934 1825 1037 1882 adimet
1049 1843 1129 1884 nemo
1139 1829 1190 1902 (l).

121 2005 213 2098 Dum
226 2024 302 2099 hooc
314 2047 395 2100 vere
410 2033 528 2102 mente
538 2025 776 2122 promittebat,
788 2047 856 2099 non
870 2025 952 2100 setis
963 2024 1027 2098 sibi
1037 2027 1192 2102 conscius

122 2160 197 2224 emt
220 2160 390 2248 quentum
415 2173 497 2250 ergo
532 2158 667 2248 petrem
696 2151 820 2225 ceritas
848 2149 941 2248 opud
975 2173 1011 2225 se
1038 2149 1188 2242 valeret3

122 2278 221 2375 cujus
255 2277 376 2374 optimi
401 2277 507 2375 petris
531 2275 628 2351 dolor
664 2277 699 2348 in
729 2276 844 2351 tristes
878 2276 1036 2373 querelas
1063 2275 1191 2351 effusos

121 2401 291 2499 Pamphili
305 2403 510 2477 sententiam
525 2401 732 2478 obstinatum
750 2401 797 2474 ita
810 2407 925 2476 movet
940 2411 974 2475 et
989 2400 1186 2492 labefactet,

121 2535 157 2601 ut
175 2536 311 2603 emetur
329 2523 365 2604 se
394 2528 484 2603 vinci
510 2527 652 2602 tandem
679 2527 861 2618 exclamet,
892 2525 1018 2625 dignus
1043 2527 1182 2626 quidem

120 2662 236 2729 nostro
254 2654 369 2730 studio
382 2676 492 2753 quum
511 2677 546 2728 se
567 2653 726 2752 Glycerio
744 2651 900 2743 dederet,
924 2651 1062 2752 dignior
1081 2652 1186 2729 etiem

120 2802 228 2876 quum
242 2781 390 2854 amicam
408 2779 532 2853 invitus
548 2777 768 2852 dilectissimo
784 2777 871 2874 petri
886 2777 1058 2853 condonet
1077 2804 1086 2852 :

146 2981 148 2986 ¹
191 2993 248 3068 Ego
261 3013 303 3052 mc
320 3012 412 3052 amere
427 2995 495 3051 hanc
509 2995 615 3052 fateor:
631 2993 655 3050 si
668 2993 696 3049 id
708 3002 860 3068 peccaresl,
876 2994 964 3051 fateor
979 2993 1007 3049 id
1022 3009 1140 3067 quoque.

191 3086 262 3155 Tibi,
278 3095 366 3159 pater,
381 3103 424 3141 me
438 3085 517 3141 dedo.
534 3083 646 3149 Quidvis
660 3083 751 3140 oneris
764 3083 875 3158 inpone,
890 3081 994 3157 inpero.

187 3176 233 3232 llis
248 3193 291 3232 me
305 3191 418 3232 uxorem
434 3174 557 3230 ducere‘l
576 3173 645 3229 hanc
660 3172 701 3230 vis
716 3173 849 3229 mitteret
864 3179 894 3229 ul
906 3179 1014 3245 potero,
1029 3171 1116 3227 leram
1130 3171 1180 3242 (ἓ).

115 3362 235 3436 Nullus
262 3357 416 3458 proiecto
445 3356 535 3456 epod
559 3356 760 3431 Terentium
786 3361 920 3429 ametor
939 3376 1038 3452 eoque
1057 3353 1181 3452 dignus

114 3493 165 3562 est
186 3486 243 3560 eui
262 3485 347 3559 deus
365 3507 408 3560 ex
424 3483 596 3568 machina,
618 3503 742 3577 nempe
761 3480 857 3554 Crito
876 3457 986 3554 scner'
1000 3502 1042 3554 ex
1061 3477 1179 3552 Andro

114 3611 313 3701 adveniem,
338 3609 526 3706 opituletur
549 3614 584 3682 et
611 3614 805 3702 opportune
828 3603 964 3678 nuntiet
983 3603 1178 3701 Glycerium

113 3738 204 3812 bono
223 3758 350 3835 genere
364 3742 473 3808 ortem
495 3755 580 3822 esse,
604 3731 652 3804 ite
676 3739 712 3805 ut
741 3729 954 3804 lenissimum
979 3735 1113 3826 petrem
1144 3738 1178 3802 et

110 3863 340 3963 gratissimum
357 3860 518 3947 emicem,
536 3859 626 3932 selvo
644 3854 774 3945 officio,
794 3855 897 3929 simul
917 3877 1036 3930 amore
1056 3854 1174 3951 possit.

158 3989 255 4064 Adde
268 3987 362 4087 quod
375 3984 577 4082 Pamphilus
592 4006 660 4058 non
687 3989 825 4057 tontum
841 3981 968 4055 umoris
984 3979 1177 4056 constantio

140 4227 174 4291 (1)
190 4224 282 4285 Andr„
299 4225 336 4283 lv,
352 4223 375 4270 ⁹2.

138 4307 173 4372 (t)
191 4305 283 4365 Andr,
298 4307 325 4365 V,
341 4303 363 4352 3.

233 4405 332 4445 nnnrm.
