3330 5258
539 1252 712 1326 Plautinas
741 1249 871 1324 fabulas
900 1250 1068 1324 evolventi
1105 1241 1255 1324 occurrit
1285 1249 1557 1324 adolescentium

489 1377 609 1478 globus
632 1376 769 1451 turbido
794 1398 912 1450 amore
938 1373 1190 1468 laborantium,
1216 1375 1400 1473 voluptatis
1428 1376 1559 1450 misere

489 1503 740 1601 appetentium,
752 1502 889 1577 etomni
900 1524 964 1598 ope
979 1500 1162 1576 nitentium
1178 1509 1217 1575 ut
1231 1525 1271 1576 ea
1281 1525 1386 1599 quam
1400 1501 1557 1575 maxima

489 1627 662 1703 fruantur.
685 1627 817 1717 Quibus
847 1627 875 1699 si
895 1625 983 1701 forte
1002 1627 1170 1726 contingit
1193 1635 1231 1701 ut
1255 1627 1289 1699 iu
1309 1627 1427 1701 limine
1450 1627 1558 1700 leno-

490 1755 556 1828 niae
594 1752 718 1827 domus
754 1752 962 1842 consistant,
994 1775 1038 1826 ue
1063 1750 1164 1826 famae
1194 1775 1277 1827 cura
1307 1775 1365 1827 cos
1398 1751 1556 1826 cohiberi

489 1886 609 1977 putes;
623 1879 750 1977 inopia,
766 1901 834 1953 non
845 1878 989 1976 pudore,
1005 1878 1233 1976 prohibentur
1242 1877 1323 1974 quin
1338 1877 1425 1950 ultra
1439 1885 1560 1949 trans-

489 2012 583 2096 eant,
595 2014 629 2080 et
644 2005 804 2080 lenonem
820 2005 930 2104 magis
947 2027 1053 2102 quam
1070 2027 1170 2078 suam
1182 2003 1427 2079 conscientiam
1443 2000 1557 2076 reior-

470 2130 634 2206 ·midant.
656 2133 739 2206 AEre
760 2139 876 2206 autern
900 2129 1094 2223 deficiente,
1118 2131 1241 2227 sapius
1262 2140 1457 2205 amatorum
1480 2137 1556 2204 tota

489 2257 579 2356 perit
589 2280 670 2332 cum
688 2256 855 2354 pudicitia
871 2256 1031 2355 dignitas,
1047 2255 1131 2330 dum
1150 2258 1282 2331 nullam
1298 2258 1451 2354 culpam,
1474 2256 1556 2329 nul-

489 2383 564 2457 lum
581 2383 730 2458 dedecus
744 2389 917 2474 recusant,
934 2390 972 2455 ut
986 2382 1196 2479 voluptatem
1214 2383 1353 2458 vetitam
1368 2383 1551 2479 arripiant.

538 2507 664 2582 Multos
686 2506 827 2604 quidem
852 2506 972 2582 audire
996 2514 1047 2582 ast
1074 2506 1270 2583 uberiorem
1295 2508 1498 2607 sapientiam
1516 2507 1554 2580 in

488 2632 783 2709 sermonibussuis
792 2632 1071 2725 exhibentoS,sed
1081 2656 1158 2708 eam
1167 2635 1348 2710 verbosam
1358 2642 1392 2709 ct
1404 2634 1553 2709 inertem
1649 2647 1650 2654 ‘

488 2782 565 2858 quae
584 2782 653 2833 non
675 2781 696 2834 e
720 2755 826 2832 labris
843 2759 887 2833 'ad
906 2755 997 2833 facta
1024 2767 1188 2849 transeat,
1205 2783 1352 2858 quaeque
1373 2760 1489 2835 odiosa
1508 2759 1554 2832 sit

489 2907 569 2961 cum
584 2884 698 2984 pravis
707 2884 861 2959 moribus
872 2886 1071 2984 conjuncta.
1083 2887 1173 2962 Sunt
1182 2888 1288 2963 etiam
1298 2887 1332 2960 in
1345 2887 1470 2984 quibus
1479 2908 1551 2960 non

489 3137 640 3212 melioris
655 3135 783 3211 amoris
801 3146 1015 3213 venustatem
1038 3139 1290 3238 deprehendam
1313 3163 1355 3215 ea
1379 3162 1461 3214 vero
1488 3162 1552 3212 ve-

489 3269 605 3337 nustas
621 3263 807 3360 quamcito
819 3263 908 3362 Jocis
921 3265 975 3339 rel
991 3267 1158 3363 protervis
1173 3266 1226 3340 vel
1247 3265 1370 3363 ineptis
1390 3287 1550 3340 corrum-

487 3388 592 3486 pitur,
612 3395 647 3463 ct
665 3388 708 3463 ud
722 3389 854 3463 solitam
866 3389 1039 3464 lascivium
1054 3390 1275 3488 deprimitur!
1301 3392 1402 3465 lllum
1417 3400 1548 3482 autem,

486 3535 555 3588 non
581 3513 771 3589 indecoros
801 3537 936 3591 amores
971 3514 1165 3608 foventem,
1189 3540 1254 3592 nec
1287 3517 1454 3610 obscena,
1485 3540 1552 3593 nec

486 3640 752 3738 stultaunquam
762 3639 1103 3733 effundentem,suos
1112 3641 1254 3740 affectus
1263 3641 1506 3718 fervidosimul
1516 3652 1551 3717 et

485 3765 610 3862 pudico
627 3790 785 3842 sermone
798 3767 1128 3869 efferentematque
1138 3769 1242 3845 etiam
1258 3770 1294 3843 in
1307 3771 1409 3868 culpa
1419 3769 1550 3867 aliquid

485 3890 627 3991 ingenui
647 3903 682 3969 et
703 3896 889 3971 verecundi
908 3898 1127 3991 retinentem,
1148 3898 1258 3987 illum,
1276 3897 1431 3995 inquam,
1457 3897 1549 3993 apud

484 4017 645 4093 Plautum
658 4041 727 4095 non
740 4023 818 4119 plus
830 4046 934 4120 quam
949 4025 1055 4100 semel
1075 4025 1217 4123 reperis,

533 4145 779 4243 Stratippocles
797 4149 830 4221 in
850 4149 995 4246 Epidico
1008 4135 1135 4225 infidus
1146 4160 1197 4226 ost
1211 4159 1356 4238 amator,
1379 4149 1490 4224 malus
1503 4146 1549 4220 fi-

482 4268 561 4364 lius,
583 4270 723 4370 ignavus
741 4274 848 4350 miles.
869 4277 1020 4364 Quumc
1039 4275 1128 4352 bello
1143 4276 1326 4352 revertitur
1339 4274 1459 4373 praeda
1475 4296 1549 4349 ma·
