3330 5258
603 501 761 561 -Ᾰῖ-

143 658 251 734 genas
268 635 393 709 rubore
407 635 520 712 statim
538 635 717 710 sulluudit.
736 665 752 704 (ι
765 636 1034 726 Erubuitzsalva
1049 658 1103 710 res
1117 644 1213 725 est»,

144 763 246 836 Micio
260 786 378 838 secum
392 764 453 855 ait,
473 771 508 839 et
526 764 692 838 miserum
709 770 901 837 amatorem
915 760 1000 836 falsa
1022 754 1216 836 narratione

146 887 295 963 libenter
327 888 471 979 deludit,
503 912 574 986 qua
603 912 682 963 eunt
713 890 855 986 castiget
890 886 983 985 quod
1024 884 1216 983 benigniori

147 1022 272 1109 patruo
288 1015 407 1089 omnia
425 1014 567 1090 credere
586 1015 735 1089 noluerit
745 1043 754 1103 ;
774 1013 873 1111 fingit
887 1015 1030 1088 enimse
1046 1012 1089 1086 ab
1104 1013 1215 1088 arnico

146 1140 354 1213 aduocatum
369 1140 439 1215 huc
455 1141 644 1228 intravisse,
664 1140 759 1214 bunc
783 1149 897 1214 autem
922 1139 1074 1213 amicum
1091 1138 1214 1236 virgini

146 1288 274 1363 genere
291 1266 503 1363 proximum,
523 1274 560 1339 ut
577 1289 655 1340 eam
676 1265 867 1340 secundum
885 1265 996 1364 legem
1020 1265 1174 1350 duceret,
1196 1287 1215 1337 e

145 1390 262 1465 Mileto
281 1394 424 1480 venisse,
453 1400 488 1465 et
510 1391 545 1463 in
567 1391 714 1488 patriam
738 1414 855 1465 secum
874 1391 929 1466 rix
953 1390 1092 1464 ductam
1115 1411 1216 1463 avec-

147 1525 266 1589 turum
286 1540 372 1591 esse.
400 1516 681 1612 Unumquodque
698 1517 1030 1591 verbumalllioioue
1050 1515 1214 1591 emissum

147 1643 303 1717 AEscbini
323 1643 479 1716 animum
497 1642 620 1739 pnngit
634 1652 668 1717 et
687 1642 828 1731 lauerat,
852 1665 915 1717 neo
931 1643 1003 1741 jam
1026 1641 1083 1716 hic
1105 1651 1216 1739 potest

147 1769 318 1843 abstinere
348 1769 431 1865 quin
461 1769 531 1842 sive
562 1767 697 1842 inutilia
720 1768 982 1864 interrogando,
1005 1768 1075 1842 sive
1093 1769 1214 1842 excla-

147 1895 288 1983 mando,
307 1895 376 1969 sive
398 1894 501 1967 etiam
517 1917 616 1991 paene
637 1892 845 1984 deficiendo,
867 1892 1084 1969 laborantem
1104 1903 1138 1968 et
1155 1894 1218 1969 do-

147 2022 277 2096 lentem
296 2042 452 2094 amorem
468 2019 594 2093 invitus
610 2018 795 2118 significet;
812 2041 882 2116 quo
899 2019 996 2116 quasi
1011 2028 1215 2108 occaecatus,

146 2144 1219 2243 moxinlaqueosomninoseinduit‚tantaqueacerbitateMile·

147 2273 238 2345 sium
253 2281 439 2370 cognatum
450 2270 639 2345 maledictis
652 2278 786 2358 onerat,
799 2270 898 2367 cujus
914 2269 1024 2343 solum
1042 2270 1152 2343 scelus
1167 2278 1218 2345 est

147 2398 285 2496 legibus
297 2419 431 2495 parere,
454 2404 547 2470 tauta
560 2396 776 2470 vehementia
790 2395 914 2493 prioris
924 2417 1005 2471 oum
1020 2418 1090 2493 quo
1102 2395 1218 2492 puella

148 2522 325 2596 consuevit
356 2521 580 2597 adolescentis
611 2520 767 2595 futurum
802 2543 968 2620 angorem
1000 2520 1157 2619 depingit
1185 2529 1219 2594 et

150 2647 347 2733 miseratur,
364 2648 493 2745 utplus
511 2671 616 2745 quam
638 2647 774 2743 patroni
797 2647 919 2720 munia
942 2646 1087 2745 irnplere
1104 2655 1138 2721 et
1155 2667 1217 2743 pro
1280 2683 1282 2688 .

148 2772 253 2847 domo
267 2796 328 2847 sua
346 2773 460 2847 dicere
475 2771 643 2847 videatur.

628 2979 722 3038 AEscrr.
737 3011 772 3020 -
785 2979 896 3036 Factum
909 2995 925 3034 a
937 2976 1015 3034 vobis
1028 2975 1134 3033 duriter

223 3064 520 3143 lnmi'sericorditcrque
533 3078 613 3143 atque
627 3069 721 3138 etiam,
735 3068 758 3123 si
772 3074 824 3136 cst,
838 3077 926 3141 pater,

224 3161 373 3218 [licendum
387 3162 477 3235 magis
493 3171 596 3236 aperte,
612 3160 806 3218 inliberaliter.

148 3278 239 3335 Micio.
254 3311 290 3319 —
302 3279 505 3344 Quamobrem?

342 3397 434 3454 AEscrr.
451 3429 486 3438 -
500 3398 589 3470 Rogas
604 3398 669 3452 me‘l
685 3395 751 3470 quid
764 3396 806 3452 illi
821 3394 930 3451 tandem
945 3393 1056 3450 creditis

224 3485 291 3542 Fore
305 3487 389 3542 animi
404 3487 515 3551 misero,
532 3487 654 3559 quicum
669 3503 700 3542 ca
717 3484 1022 3558 consuerit(1)prior‘l

224 3575 276 3639 Qut
286 3575 379 3632 infelix
390 3575 504 3631 hausein
515 3593 549 3630 an
560 3575 636 3631 illam
646 3577 746 3631 misere
757 3591 829 3630 rrunc
838 3581 920 3644 amat,
942 3627 945 3642 ,
1033 3603 1039 3642 4

224 3664 309 3729 Quom
325 3665 394 3721 hanc
407 3665 459 3722 sibi
474 3665 577 3721 videbit
590 3682 712 3739 praesens
727 3673 889 3739 praesentem
905 3661 985 3736 eripi,

225 3754 330 3811 Abduci
345 3756 379 3812 ab
395 3754 501 3811 oculis?
516 3755 630 3812 Facinus
645 3755 798 3828 indignum,
815 3763 904 3829 pater.

150 3871 243 3930 Micio.
259 3905 295 3913 —
309 3874 367 3938 Qua
381 3874 488 3929 ratione
502 3873 594 3930 istuc‘l
607 3873 668 3947 quis
681 3872 848 3947 despondit?
861 3872 923 3946 quis
936 3870 1033 3927 dedit‘l

224 3963 294 4027 Quoi
306 3963 414 4036 quando
428 3963 539 4036 nupsitl
552 3972 646 4021 auctor
660 3963 703 4019 his
716 3963 799 4020 rebus
812 3963 873 4036 quis
887 3962 951 4019 estt

224 4053 297 4118 Quor
312 4053 389 4110 duxit
401 4053 542 4110 alienam‘l

185 4225 220 4284 (ll
235 4227 276 4276 Sic
298 4227 404 4290 Bentley.
419 4226 559 4275 Fleckeisen
584 4225 670 4276 scribit
691 4242 697 4274 τ
715 4225 763 4290 Qui
783 4223 827 4276 dtu
852 4227 987 4286 consuevit,
1014 4238 1069 4288 quae
1087 4224 1217 4273 verborum

152 4307 294 4356 consecutio
307 4309 338 4356 ab
354 4322 399 4356 usu
414 4308 538 4358 abhorret.
