3330 5258
600 463 740 524 ..5-

134 597 307 671 consuluit
334 604 448 671 custos
473 597 588 696 Lydus
604 620 685 671 eum
711 595 804 694 apud
830 598 1020 672 Bacchides
1039 607 1203 675 coenatu-

137 744 214 796 rum
227 729 262 796 et
275 729 388 796 totum
404 723 547 797 Veneris
561 722 658 797 ludos
670 744 711 796 ac
726 722 824 820 jocos
840 724 1028 819 spirantem
1049 725 1204 800 inhibere

136 856 413 944 coenosaeque
441 870 503 921 suo
525 846 732 922 detrimento
752 849 856 922 sensit
873 848 908 921 in
929 849 1076 924 alienam
1096 851 1204 926 scho-

134 973 203 1046 lam
225 995 244 1046 e
263 995 324 1045 sua
350 971 561 1070 migravisse.
584 972 778 1069 Discipulos
803 972 920 1048 animo
946 973 1203 1074 hilaris,lingua

134 1097 277 1185 solutus,
300 1095 439 1171 facetias
464 1106 498 1172 et
523 1097 677 1195 argutias
696 1096 855 1187 effundit,
870 1097 1050 1198 paedagogi
1072 1100 1204 1174 barba-

136 1244 211 1294 ram
225 1221 410 1312 inscitiam,
428 1222 499 1318 ipse
519 1243 608 1295 nova
620 1220 800 1318 disciplina
814 1221 1029 1318 superbiens,
1049 1224 1204 1322 increpat

135 1354 169 1422 et
188 1345 330 1437 fastidit,
347 1369 411 1421 nec
426 1345 539 1443 prisca
557 1345 745 1420 verborum
758 1347 939 1445 gravitate,
956 1370 1094 1444 quama
1111 1349 1203 1447 lydo

135 1472 268 1562 didicit,
293 1472 357 1545 nisi
380 1495 442 1570 per
463 1472 582 1570 jocum
614 1473 734 1546 utitur.
766 1472 926 1572 Magistro
950 1475 1083 1572 roganti
1117 1497 1202 1548 num

136 1597 180 1671 ad
207 1597 414 1672 amatorium
440 1597 634 1672 convivium
662 1597 869 1710 obsonatum
894 1597 994 1690 ierat,
1022 1598 1204 1696 magnifice

136 1721 344 1820 respondet:
721 1715 725 1726 '

207 1974 304 2048 Sperat
316 1974 428 2048 quidem
442 1975 567 2043 animus;
581 1991 636 2049 quo
652 1973 769 2044 eveniat,
785 1973 826 2030 dis
841 1974 870 2030 in
886 1980 995 2032 manust
1008 1975 1059 2046 (1).

184 2202 253 2276 Nec
268 2199 380 2275 verbis
394 2197 514 2296 lepidis
533 2199 581 2272 ita
593 2198 679 2272 ludit
696 2207 733 2273 ut
755 2199 857 2272 minis
877 2198 1045 2274 abstineat
1063 2225 1072 2274 :
1089 2208 1202 2276 vetere

135 2325 252 2401 tabula
272 2332 476 2414 memorata,
493 2346 553 2397 suo
575 2324 764 2423 paedagogo
787 2325 861 2397 Lini
882 2333 1010 2421 partes,
1030 2324 1093 2398 sibi
1115 2327 1203 2401 Her-

135 2451 221 2526 culis
234 2450 402 2539 attribuit,
425 2472 504 2524 vere
526 2449 678 2546 «plenus
695 2448 871 2546 sanguinis
888 2476 924 2540 »,
943 2458 980 2524 ut
997 2449 1082 2548 Lpdi
1097 2451 1202 2525 verbo

135 2586 226 2667 utar,
248 2585 282 2651 et
302 2605 318 2646 a
338 2575 454 2650 vacivo
471 2575 627 2648 virium»
650 2573 900 2649 formidandus.
917 2577 1059 2666 Tacere,
1081 2585 1118 2649 ut
1141 2577 1201 2674 qui

134 2688 1199 2800 reipsaserrussit,ctherumiuflagitiistabulumsequijirssus‚

133 2828 234 2925 plura
251 2827 365 2926 Lydus
380 2825 463 2900 vidit
479 2848 583 2922 quam
606 2826 834 2924 paedagogum
854 2825 997 2900 decebat
1013 2852 1021 2899 ι
1039 2849 1101 2900 uos
1119 2849 1201 2923 pru-

134 2953 251 3027 dentia
275 2952 407 3050 moj0re
429 2952 481 3025 usi
507 2971 577 3024 non
598 2949 744 3048 januam
765 2951 856 3026 hanc
872 2951 952 3024 Orci
972 2951 1196 3048 pulsabimus

131 3101 202 3175 quc
218 3099 320 3152 nemo
334 3057 484 3167 advenit,

203 3327 258 3384 Nisi
275 3345 355 3403 quem
370 3345 432 3402 spes
447 3329 584 3402 reliquere
597 3345 690 3386 omncs
703 3345 764 3384 esse
778 3334 809 3383 ut
820 3327 894 3400 frugi
909 3327 1011 3400 possiet
1025 3327 1076 3400 (b).

179 3557 295 3644 Quum
323 3556 529 3642 locustum
559 3554 784 3629 adolescentis
813 3553 992 3652 ingenium
1023 3553 1105 3627 satis
1137 3575 1199 3628 nos

132 3687 274 3756 monent
298 3702 436 3755 omnem
464 3680 499 3753 in
521 3687 687 3779 apparato
713 3678 869 3754 convivio
897 3678 1065 3776 pudorem
1101 3680 1199 3776 peri-

130 3815 249 3881 turum
266 3829 351 3880 esse.
1213 3817 1216 3826 ’

178 3932 372 4038 Dinarchus
388 3931 423 4004 in
439 3932 644 4024 Truculento
662 3930 835 4006 veteribus
857 3929 946 4004 vitiis
962 3928 1096 4004 laborat
1116 3930 1197 4027 qui·

161 4179 196 4246 (ll
213 4180 313 4242 Bacch„
330 4181 350 4242 l,
365 4180 389 4229 2.

161 4261 195 4326 (2)
212 4262 314 4323 Bocota,
330 4262 374 4321 lll,
390 4261 413 4310 1.
