3330 5258
907 455 1007 518 ..12
1027 492 1067 504 .-

1252 592 1300 652 Cn.
1317 623 1352 635 -
1367 591 1446 664 llam,

539 713 627 771 Clinia
641 713 699 771 hoec
714 715 774 771 lieri
788 714 922 772 videbat?

789 841 861 898 llum.
882 874 913 884 -
927 840 999 907 Quid
1013 842 1065 898 nil
1080 842 1182 898 Mecum
1195 860 1250 900 una
1264 842 1356 900 simul.

452 965 519 1022 Gna.
539 997 572 1010 -
588 965 666 1024 Filist
680 965 768 1022 amica
782 965 914 1024 Bacchis:
931 966 1100 1040 Menedemo,
1116 967 1212 1024 occidi.

451 1091 520 1148 min.
535 1122 568 1133 —
583 1089 789 1154 Quamobrem?
1234 1065 1236 1068 Ι

661 1216 729 1274 ona.
745 1249 781 1258 -
796 1217 895 1274 necem
908 1217 1015 1274 aterum
1027 1217 1071 1274 vu
1083 1189 1177 1276 mihist
1188 1219 1300 1276 familia.

452 1340 522 1396 llum.
538 1371 574 1381 -
588 1339 678 1404 Quid‘l
693 1341 764 1398 istuc
773 1342 858 1400 ¹times
872 1343 947 1417 quod
959 1342 1007 1399 illc
1021 1360 1133 1417 operam
1146 1345 1232 1402 amico
1247 1346 1293 1402 dat
1308 1346 1381 1402 suo‘l

451 1468 517 1524 Gna.
532 1501 568 1509 -
581 1468 665 1524 Immo
681 1467 753 1541 quod
768 1469 872 1524 amica.

751 1571 822 1668 uin.
839 1612 914 1668 -s1
930 1612 986 1669 aas.

868 1741 936 1798 Gan.
950 1773 984 1781 -—
997 1740 1037 1796 An
1050 1741 1162 1797 dubium
1174 1741 1202 1797 id
1215 1743 1312 1800 tibist?

522 1829 727 1903 Quemquamne
740 1836 795 1886 tam
808 1831 879 1886 comi
892 1831 982 1886 animo
999 1847 1059 1886 esse
1075 1831 1189 1888 autleni
1203 1839 1293 1905 putas,

520 1916 572 1982 Qui
584 1935 614 1974 se
626 1915 736 1974 vidente
751 1919 866 1975 amicam
881 1919 1001 1992 patiatur
1013 1937 1125 1975 suam...
1139 1921 1152 1974 ‘l

451 2043 522 2098 Mun.
539 2076 573 2086 -
589 2045 657 2110 Quid
672 2045 721 2100 ni‘l
735 2046 793 2111 Quo
805 2046 890 2102 verba
900 2047 1009 2103 facilius
1022 2047 1120 2103 dentur
1132 2048 1209 2104 mihi.

450 2167 517 2225 Can.
534 2203 569 2210 -
584 2170 697 2227 Derides
708 2171 805 2227 merito
820 2172 867 2242 (1).

499 2324 583 2410 Quae
609 2325 717 2411 nimio
746 2323 925 2399 Bacchidis
949 2347 1067 2400 amore
1087 2325 1234 2422 Clitipho
1262 2325 1429 2422 peccavit,
1454 2348 1517 2399 sua

449 2448 563 2522 vivida
576 2473 658 2547 erga
676 2449 835 2545 parentes
855 2450 997 2526 caritate
1016 2451 1136 2524 saltem
1156 2458 1332 2539 extenuat,
1351 2460 1455 2548 atque
1470 2448 1517 2521 ad

449 2582 643 2649 extremum
663 2575 837 2649 emendat.
865 2575 1013 2650 «Emori
1030 2576 1131 2673 cupio
1149 2605 1166 2644 »
1186 2577 1251 2672 (l),
1270 2575 1331 2665 ait,
1354 2575 1413 2648 ubi
1441 2573 1516 2670 pri-

449 2724 547 2773 mum
557 2701 662 2798 patris
676 2701 959 2798 vituperationem
976 2710 1011 2776 et
1022 2703 1134 2776 minas
1148 2724 1212 2822 pro
1222 2700 1327 2774 solitis
1342 2698 1517 2772 blanditiis

448 2826 565 2915 audit;
595 2849 653 2900 eas
683 2827 777 2901 enim
806 2827 854 2900 ita
880 2827 1021 2902 moleste
1041 2825 1122 2918 lert,
1147 2837 1186 2903 ut
1204 2850 1239 2902 se
1265 2825 1375 2899 filium
1394 2825 1515 2899 subdi-

449 2962 524 3026 tum
541 2975 614 3026 esse
632 2953 774 3028 credere
789 2954 886 3028 malit
911 2977 1015 3052 quam
1036 2954 1237 3051 parentibus
1261 2952 1424 3036 invisum,
1441 2958 1476 3027 et
1493 2975 1515 3024 a

450 3087 562 3153 matre
589 3078 671 3177 quid
702 3102 822 3154 verum
853 3080 896 3153 sit
929 3079 1113 3156 miserabili
1145 3079 1299 3154 oratione
1329 3077 1511 3152 siscitatur.

449 3207 564 3293 Quum
599 3205 737 3280 tandem
764 3215 980 3302 compertum
1012 3204 1117 3279 habet
1148 3228 1183 3280 se
1215 3204 1301 3278 falsa
1332 3202 1511 3300 suspicari,

450 3329 541 3404 hano
565 3330 702 3427 culpam
726 3331 797 3406 odit
817 3355 896 3429 quae
921 3338 1035 3405 tantos
1054 3353 1208 3432 angores
1231 3352 1348 3404 secum
1363 3327 1509 3404 afferat:

787 3519 874 3590 Eheu,
891 3538 973 3593 quam
988 3538 1059 3577 nunc
1073 3527 1146 3576 totus
1162 3519 1295 3594 displiceo
1312 3517 1396 3574 mihi!

485 3611 570 3675 Quam
580 3611 664 3684 pudet
676 3612 682 3666 l
695 3629 784 3684 neque
797 3611 870 3684 quod
882 3611 1047 3684 principium
1061 3611 1166 3683 capiam
1178 3609 1212 3664 ad
1224 3608 1385 3682 placandum
1395 3605 1450 3662 scio
1463 3605 1513 3676 (3).

448 3780 575 3869 Minus
609 3791 646 3854 ut
671 3784 806 3878 opinor,
834 3790 1024 3855 amatorem
1048 3779 1213 3854 amavisse
1242 3777 1385 3874 poeuitet
1410 3798 1514 3872 quam

448 3902 560 3978 filium
579 3907 728 3981 amando
747 3917 881 4004 patrem
909 3906 1172 4000 abalienavisse3
1201 3926 1268 4002 qua
1295 3901 1419 3999 pictate
1443 3900 1517 3973 im·
1634 3919 1635 3928 ¹

480 4106 514 4174 (1)
532 4106 633 4167 Hecat,
648 4108 676 4167 V,
692 4105 716 4156 l.

480 4189 518 4262 (ᾖ)ν
531 4189 631 4250 Heoct,
645 4190 672 4250 V,
686 4187 709 4237 2.

481 4272 515 4338 (3)
531 4271 631 4332 Heaut,
645 4272 674 4332 t,
688 4270 712 4320 A„
