3330 5258
904 495 1064 558 -34-

453 628 597 704 Chaerea
622 631 657 703 in
686 630 752 705 hoc
781 630 903 704 saltem
934 631 1100 728 majorem
1135 653 1270 704 morum
1312 631 1520 713 modestiam

452 755 599 830 ostendit
615 755 707 853 quod
729 778 796 830 non
823 757 939 852 plures
961 757 1124 830 mulieres
1142 756 1198 830 diu
1219 765 1376 846 venatur,
1401 757 1522 853 nuptis

452 881 610 974 abstinet,
631 889 665 956 et
678 881 786 955 animi
802 883 909 980 magis
924 881 1075 956 ardentis
1089 905 1193 980 quam
1212 881 1395 969 libidinosi,
1413 883 1520 979 uirgi-

453 1031 531 1082 nem
547 1030 568 1082 a
587 1030 623 1082 se
644 1008 812 1104 pollutam
838 1029 980 1082 uxorem
1010 1017 1129 1104 sponte
1155 1007 1249 1082 ducit
1258 1035 1267 1096 ;
1298 1007 1521 1082 Cherubinus

451 1143 566 1208 autem
594 1133 726 1208 ancillae
753 1133 854 1208 simul
882 1157 924 1208 ao
945 1133 1107 1226 dominae,
1137 1135 1341 1230 contemptis
1366 1133 1515 1223 maritiS,

452 1260 642 1352 blanditur,
676 1261 770 1336 basia
800 1261 876 1353 alii,
905 1260 962 1334 alii
992 1258 1168 1334 fasciolam
1202 1257 1355 1346 furatur,
1386 1261 1518 1334 bonam

450 1396 587 1463 atatem
604 1388 743 1474 mavult,
761 1387 819 1463 sed
837 1410 879 1462 ne
891 1394 1062 1459 maturam
1077 1384 1217 1483 quidem
1230 1382 1357 1458 fastidit
1373 1384 1437 1481 (l),
1455 1407 1518 1482 po-

450 1515 517 1587 tius
529 1514 666 1588 lascivia
685 1513 853 1610 impulsus
867 1534 1063 1610 quamvero
1076 1533 1194 1586 amore
1206 1518 1327 1608 captus
1341 1510 1512 1608 fissisque.

451 1639 645 1736 Promptior
663 1639 1010 1714 estctrehementior
1033 1637 1174 1712 alterius
1196 1644 1333 1726 natura,
1357 1636 1415 1711 sed
1433 1659 1515 1734 quae

449 1765 549 1838 citius
563 1764 772 1840 defervescat
786 1774 819 1840 et
834 1766 868 1839 in
882 1773 1012 1839 rectam
1029 1764 1119 1837 uiam
1141 1785 1176 1838 se
1192 1762 1355 1860 1·ecipiat;
1373 1762 1515 1836 alterius

450 1891 563 1987 specie
584 1891 695 1988 magis
713 1890 833 1964 timida
852 1899 886 1964 et
909 1889 1063 1980 innoxia,
1084 1888 1144 1964 sed
1167 1913 1246 1988 quae
1272 1888 1406 1986 majora
1427 1911 1516 1986 pau-

449 2017 545 2092 latim
582 2017 726 2107 audeat,
771 2015 917 2092 feminas
955 2016 1109 2090 incautas
1146 2037 1255 2112 nsque
1291 2013 1334 2088 ad
1375 2015 1513 2112 culpam

448 2142 611 2233 emolliat,
627 2151 661 2217 et
675 2142 809 2217 illicitas
824 2144 1014 2240 voluptates
1026 2141 1085 2216 diu
1100 2149 1218 2216 secuta
1239 2140 1339 2215 bonis
1360 2139 1514 2214 moribus

448 2269 587 2368 gravius
602 2268 769 2344 damnum
785 2269 919 2345 afferat.

496 2396 666 2487 Phaedria,
692 2395 845 2470 Chaereae
869 2394 989 2502 frater,
1020 2396 1057 2469 in
1080 2395 1270 2470 meretricis
1296 2394 1395 2483 retia,
1424 2394 1512 2466 siout

446 2520 600 2618 plerique
615 2520 707 2618 apud
726 2521 886 2594 Plautum
906 2519 1151 2612 adolescentes
1168 2519 1282 2619 lapsus
1295 2528 1368 2609 est3
1393 2541 1511 2616 quan-

446 2653 521 2720 tum
547 2654 662 2720 autern
693 2644 736 2718 ab
753 2645 817 2719 illis
841 2647 992 2745 ingenuo
1016 2647 1133 2721 animo
1158 2645 1347 2742 discrepat!
1374 2645 1419 2718 Ut
1440 2647 1511 2741 ejus

447 2793 559 2860 amor,
587 2771 820 2869 qualicunque
847 2771 951 2846 modo
975 2771 1136 2857 afficitur,
1165 2771 1235 2847 sive
1264 2769 1401 2859 diffidit,
1437 2769 1509 2843 sive

446 2895 617 2985 irascitur,
633 2909 708 2970 'nec
733 2897 919 2971 verborum
947 2895 1158 2995 turpitudine
1188 2904 1249 2971 aut
1274 2895 1410 2970 lascivia
1429 2895 1506 2968 cor-

445 3021 638 3117 rumpitur,
676 3044 741 3096 ncc
779 3021 943 3097 indecora
975 3022 1142 3120 sapientia
1174 3021 1384 3121 refrigescit!
1423 3021 1507 3096 nlud

446 3146 569 3221 mentis
582 3169 743 3237 acumen,
760 3170 828 3245 qno
849 3148 997 3221 Plautini
1017 3158 1187 3224 amatores
1204 3171 1282 3223 snos
1305 3147 1367 3244 ipsi
1390 3169 1507 3243 sensus

445 3271 601 3344 subtilius
626 3271 823 3370 dispiciunt,
855 3282 889 3348 et
917 3297 979 3347 sna
1001 3274 1143 3348 consilia
1167 3274 1201 3346 in
1225 3297 1355 3348 vanum
1373 3273 1508 3348 abitura

445 3419 517 3471 esse
549 3397 796 3495 praenuntiant,
830 3397 922 3496 apud
957 3399 1181 3475 Terentiauos
1214 3399 1287 3498 ipsa
1324 3399 1356 3473 vi
1382 3398 1508 3473 amoris

444 3522 660 3597 obtunditur.
677 3523 849 3598 Amatoris
866 3525 975 3598 varias
996 3511 1220 3623 cogitationes
1243 3535 1277 3600 et
1299 3525 1507 3600 imbecillam

444 3648 654 3724 voluntatem
669 3647 778 3724 insius
792 3648 946 3747 depingit
959 3660 1174 3726 nonamator
1192 3651 1278 3748 ipse,
1291 3650 1348 3726 sed
1362 3671 1508 3749 persona
1643 3745 1644 3748 Ἴ

446 3773 552 3870 magis
565 3775 617 3849 sni
635 3797 789 3873 compos,
807 3776 980 3865 amentias,
1009 3800 1114 3873 quam
1135 3776 1305 3875 increpat,
1327 3799 1397 3851 riou
1421 3798 1508 3874 par·
1610 3765 1613 3769 ’

443 3898 562 3997 ticepS,
604 3901 663 3976 sed
702 3908 838 3974 tantum
875 3901 988 3991 testis,
1020 3925 1089 3998 qua
1125 3903 1308 4002 loquente,
1354 3900 1508 3977 moribus

442 4022 618 4122 descriptis
646 4047 688 4101 eo
717 4024 1191 4120 vehementiuslssdeleotamur
1214 4032 1284 4128 ipuo
1311 4025 1507 4128 diligentius

472 4302 506 4369 ll)
523 4301 821 4370 LeMarlcpedclt'uuro,
833 4309 885 4354 acte
901 4307 920 4366 l,
933 4319 967 4356 sc.
982 4315 1024 4357 rn.
