3330 5258
636 460 795 521 ..79-

184 595 301 669 ducis?
316 625 332 664 u
352 595 565 691 Pamphilus,
584 597 627 669 ab
643 595 765 670 uxorio
778 618 815 670 re
833 594 1035 697 abhorrens,
1057 596 1124 672 boc
1136 618 1250 670 unum

183 719 350 794 verbum:
380 747 396 785 u
415 720 521 794 Aiunt
535 720 597 818 (l).
616 748 633 788 »

232 847 303 920 Nec
318 846 431 919 minus
445 845 594 920 breviter
607 854 641 920 et
654 845 822 920 concinne
842 846 1009 943 Clitipho,
1027 847 1161 946 longius
1180 848 1251 942 pri-

184 993 282 1043 mum
314 993 526 1069 progressus,
552 994 587 1046 se
614 970 727 1045 subito
764 971 886 1067 recipit
917 980 953 1046 et
989 972 1251 1046 matrimonium

185 1095 369 1171 imminens
388 1096 520 1194 repellit
542 1125 550 1166 :

713 1303 801 1374 Pater,
816 1303 905 1360 omnia
920 1302 1036 1359 luciam:
1054 1302 1159 1376 inpere.

220 1391 363 1449 Gunsuns.
379 1389 545 1447 -Uxorem
559 1399 589 1447 nt
605 1391 696 1448 ducas.

596 1503 640 1573 Cb.
656 1517 786 1573 -Pater
801 1517 857 1589 (b)!

234 1742 508 1840 Intempestivius
521 1749 555 1816 et
573 1741 743 1838 copiosius
766 1750 801 1816 et
820 1740 863 1814 ed
882 1764 984 1816 aures
1012 1742 1251 1852 imperitorum

185 1869 297 1967 nptius
311 1869 454 1942 Plautus
469 1867 504 1941 in
521 1869 722 1942 Trinummo
731 1865 774 1942 de
786 1890 824 1941 re
843 1867 944 1941 simili
959 1867 1047 1941 ludit
1068 1894 1076 1940 :

363 2100 532 2158 Gunuutnns.
548 2099 626 2156 —Si
641 2108 672 2156 tu
686 2100 767 2157 modo
782 2101 855 2174 frugi
871 2117 933 2158 esse
948 2100 999 2169 vis,
1020 2079 1028 2098 ⁸

220 2190 283 2248 llaec
297 2190 348 2248 tibi
363 2198 468 2265 pactast
481 2188 584 2247 Callicli
599 2189 665 2246 filia.

470 2315 588 2374 lusson.
608 2345 639 2358 -
656 2314 714 2389 Ego
729 2315 838 2384 ducam,
854 2323 942 2390 pater,

219 2406 309 2464 Etiam
324 2414 352 2462 et
365 2405 388 2462 si
401 2422 484 2479 quam
498 2405 579 2462 aliam
592 2405 713 2478 jubebis.

555 2531 663 2588 Gutum.
679 2562 715 2571 -
731 2531 901 2606 Quamquam
916 2531 966 2589 tibi
982 2531 1136 2599 suscensui,

220 2621 328 2678 lllseria
342 2638 397 2676 une
411 2620 459 2676 uui
474 2619 585 2694 quidem
600 2620 730 2678 hominist
745 2621 866 2677 adfatim.

263 2807 267 2810 ,
732 2744 797 2802 Clu.
814 2779 850 2787 -
864 2747 950 2802 lmmo
965 2746 1030 2802 huic
1044 2755 1166 2821 parumst
1181 2765 1189 2802 :

221 2836 287 2894 Nem
300 2835 323 2892 si
337 2853 388 2910 pro
402 2835 521 2910 peccetis
536 2843 644 2892 centum
659 2835 738 2891 ducat
750 2836 854 2904 uxoris,
867 2844 992 2909 parumst
1005 2836 1055 2909 (3).

233 3037 277 3109 Ut
288 3035 376 3133 jocis
394 3035 621 3122 uberioribus,
634 3037 682 3107 ite
707 3034 924 3108 liberioribus
942 3035 1122 3108 Terentius
1146 3035 1249 3109 obsti-1

149 3154 154 3162 ’
186 3161 370 3259 net,cujus
398 3162 432 3234 in
456 3161 579 3235 tabulis
606 3162 736 3237 eminet
755 3159 897 3257 quidem
919 3160 1054 3233 nativus
1083 3159 1252 3236 sermonis
1294 3255 1298 3263 Ι

185 3285 308 3382 pudor,
327 3310 391 3362 nec
409 3287 619 3362 incultorum
636 3295 671 3362 et
692 3286 929 3383 improborum
952 3284 1135 3360 bominum
1162 3309 1254 3361 con-

187 3411 369 3486 suetudine
384 3436 536 3510 unquam
550 3422 747 3510 corruptus,
765 3434 827 3484 nec
838 3410 953 3485 adbuc
965 3411 1065 3485 ermis
1083 3412 1250 3487 acceden-

188 3535 279 3610 tibus
305 3546 339 3612 et
367 3537 447 3625 vito,
475 3545 512 3611 ut
548 3559 637 3635 scepe
671 3535 723 3625 fit,
754 3535 958 3609 imminutus
984 3538 1044 3632 (bt.
1079 3539 1173 3627 Ques
1198 3562 1252 3614 res

218 3767 253 3833 (l)
270 3767 360 3828 Andr„
374 3770 403 3828 ll,
417 3767 439 3817 l.

216 3849 250 3913 (ἓ)
267 3851 366 3910 Hcaul„
381 3851 409 3908 V,
423 3849 447 3898 5.

217 3930 250 3995 (3)
272 3932 350 3991 Trio,
368 3935 395 3990 V,
412 3929 435 3977 ἓ.

218 4011 252 4076 (l)
270 4014 320 4060 lloc
334 4012 425 4060 rectius
441 4012 471 4059 de
484 4009 596 4060 Terentio
615 4011 665 4061 dici
683 4014 771 4073 potest,
788 4011 887 4072 recepta
912 4010 958 4059 hac
977 4010 1083 4060 lectione
1097 4011 1123 4059 in
1139 4011 1249 4060 suetonii

185 4094 235 4144 vitu
253 4093 326 4142 Ten:
347 4094 426 4141 «Post
439 4091 518 4140 editas
539 4092 672 4140 comoedius
692 4093 801 4139 nondum
820 4092 932 4152 quintum
952 4097 977 4139 et
996 4091 1139 4140 vicesimum
1159 4104 1250 4138 annum

186 4189 298 4239 egressus
325 4188 369 4236 pro
391 4172 548 4222 tricesimum.
576 4170 647 4235 (vide
670 4172 773 4232 Teuffel,
796 4171 935 4224 Gcscbicbte
956 4171 1000 4222 der
1020 4173 1099 4225 lloem.
1115 4170 1252 4230 Litcrutur,

187 4253 257 4315 1875,
271 4269 294 4317 p.
309 4253 375 4312 177.)
