<?xml version="1.0" encoding="UTF-8"?>
<!DOCTYPE html PUBLIC "-//W3C//DTD XHTML 1.0 Transitional//EN"
    "http://www.w3.org/TR/xhtml1/DTD/xhtml1-transitional.dtd">
<html xmlns="http://www.w3.org/1999/xhtml" xml:lang="en" lang="en">
 <head>
  <title>
</title>
<meta http-equiv="Content-Type" content="text/html;charset=utf-8" />
  <meta name='ocr-system' content='tesseract 3.04.00' />
  <meta name='ocr-capabilities' content='ocr_page ocr_carea ocr_par ocr_line ocrx_word'/>
</head>
<body>
  <div class='ocr_page' id='page_1' title='image "./deplautinisette01bertgoog_0041.png"; bbox 0 0 3330 5258; ppageno 0'>
   <div class='ocr_carea' id='block_1_1' title="bbox 463 467 1551 825">
    <p class='ocr_par' dir='ltr' id='par_1_1' title="bbox 463 467 1551 825">
     <span class='ocr_line' id='line_1_1' title="bbox 921 467 1076 530; baseline -0.013 -16"><span class='ocrx_word' id='word_1_1' title='bbox 921 501 958 514; x_wconf 93' lang='lat'>..</span> <span class='ocrx_word' id='word_1_2' title='bbox 979 467 1019 530; x_wconf 74' lang='lat'>30</span> <span class='ocrx_word' id='word_1_3' title='bbox 1038 504 1076 512; x_wconf 63' lang='lat'>„</span> 
     </span>
     <span class='ocr_line' id='line_1_2' title="bbox 464 591 1551 705; baseline 0.003 -30"><span class='ocrx_word' id='word_1_4' title='bbox 464 622 522 696; x_wconf 87' lang='lat' dir='ltr'>pes</span> <span class='ocrx_word' id='word_1_5' title='bbox 536 599 688 691; x_wconf 78' lang='lat' dir='ltr'>facetias,</span> <span class='ocrx_word' id='word_1_6' title='bbox 708 601 765 676; x_wconf 84' lang='lat' dir='ltr'>sert</span> <span class='ocrx_word' id='word_1_7' title='bbox 789 601 822 675; x_wconf 91' lang='lat' dir='ltr'>iu</span> <span class='ocrx_word' id='word_1_8' title='bbox 843 602 1018 678; x_wconf 85' lang='lat' dir='ltr'>rividaset</span> <span class='ocrx_word' id='word_1_9' title='bbox 1041 625 1224 704; x_wconf 79' lang='lat' dir='ltr'>gerrarosas</span> <span class='ocrx_word' id='word_1_10' title='bbox 1244 627 1342 680; x_wconf 82' lang='lat' dir='ltr'>rocos</span> <span class='ocrx_word' id='word_1_11' title='bbox 1361 591 1551 705; x_wconf 80' lang='lat' dir='ltr'>erumpit‚&#39;</span> 
     </span>
     <span class='ocr_line' id='line_1_3' title="bbox 463 725 1034 825; baseline 0.009 -28"><span class='ocrx_word' id='word_1_12' title='bbox 463 725 595 800; x_wconf 87' lang='lat' dir='ltr'>vatibus</span> <span class='ocrx_word' id='word_1_13' title='bbox 607 726 722 823; x_wconf 84' lang='lat' dir='ltr'>lyricis</span> <span class='ocrx_word' id='word_1_14' title='bbox 736 749 834 824; x_wconf 79' lang='lat' dir='ltr'>paeue</span> <span class='ocrx_word' id='word_1_15' title='bbox 854 728 1034 825; x_wconf 86' lang='lat' dir='ltr'>optandas.</span> 
     </span>
    </p>
   </div>
   <div class='ocr_carea' id='block_1_2' title="bbox 463 920 1537 1108">
    <p class='ocr_par' dir='ltr' id='par_1_2' title="bbox 463 920 1537 1108">
     <span class='ocr_line' id='line_1_4' title="bbox 463 920 956 995; baseline 0.002 -20"><span class='ocrx_word' id='word_1_16' title='bbox 463 920 956 995; x_wconf 66' lang='lat' dir='ltr'>lla—Teneme3ampleclercorgo.</span> 
     </span>
     <span class='ocr_line' id='line_1_5' title="bbox 811 1031 1537 1108; baseline 0.001 -21"><span class='ocrx_word' id='word_1_17' title='bbox 811 1031 857 1088; x_wconf 87' lang='lat' dir='ltr'>Pu.</span> <span class='ocrx_word' id='word_1_18' title='bbox 878 1065 912 1073; x_wconf 88' lang='lat'>-</span> <span class='ocrx_word' id='word_1_19' title='bbox 933 1031 1106 1108; x_wconf 85' lang='lat' dir='ltr'>llocetiamst</span> <span class='ocrx_word' id='word_1_20' title='bbox 1117 1032 1295 1106; x_wconf 84' lang='lat' dir='ltr'>quamohrem</span> <span class='ocrx_word' id='word_1_21' title='bbox 1306 1034 1413 1108; x_wconf 84' lang='lat' dir='ltr'>cupiam</span> <span class='ocrx_word' id='word_1_22' title='bbox 1425 1033 1537 1090; x_wconf 80' lang='lat' dir='ltr'>vivero.</span> 
     </span>
    </p>
   </div>
   <div class='ocr_carea' id='block_1_3' title="bbox 533 1207 1534 1463">
    <p class='ocr_par' dir='ltr' id='par_1_3' title="bbox 533 1207 1534 1463">
     <span class='ocr_line' id='line_1_6' title="bbox 533 1207 1302 1282; baseline 0.005 -20"><span class='ocrx_word' id='word_1_23' title='bbox 533 1207 588 1262; x_wconf 78' lang='lat' dir='ltr'>Silai</span> <span class='ocrx_word' id='word_1_24' title='bbox 602 1223 651 1264; x_wconf 91' lang='lat' dir='ltr'>sua</span> <span class='ocrx_word' id='word_1_25' title='bbox 665 1207 784 1264; x_wconf 85' lang='lat' dir='ltr'>habeant</span> <span class='ocrx_word' id='word_1_26' title='bbox 798 1225 883 1280; x_wconf 85' lang='lat' dir='ltr'>regnu</span> <span class='ocrx_word' id='word_1_27' title='bbox 898 1225 988 1282; x_wconf 84' lang='lat' dir='ltr'>reges,</span> <span class='ocrx_word' id='word_1_28' title='bbox 1005 1208 1056 1265; x_wconf 71' lang='lat' dir='ltr'>silui</span> <span class='ocrx_word' id='word_1_29' title='bbox 1074 1209 1180 1268; x_wconf 81' lang='lat' dir='ltr'>divitias</span> <span class='ocrx_word' id='word_1_30' title='bbox 1195 1211 1302 1277; x_wconf 85' lang='lat' dir='ltr'>divitas,</span> 
     </span>
     <span class='ocr_line' id='line_1_7' title="bbox 534 1295 1330 1376; baseline 0.005 -25"><span class='ocrx_word' id='word_1_31' title='bbox 534 1295 590 1352; x_wconf 76' lang='lat' dir='ltr'>Sibi</span> <span class='ocrx_word' id='word_1_32' title='bbox 606 1296 732 1367; x_wconf 81' lang='lat' dir='ltr'><strong>honores,</strong></span> <span class='ocrx_word' id='word_1_33' title='bbox 750 1299 801 1353; x_wconf 86' lang='lat' dir='ltr'>sibi</span> <span class='ocrx_word' id='word_1_34' title='bbox 818 1298 937 1366; x_wconf 75' lang='lat' dir='ltr'>virtutiS,</span> <span class='ocrx_word' id='word_1_35' title='bbox 950 1298 1000 1355; x_wconf 76' lang='lat' dir='ltr'>silui</span> <span class='ocrx_word' id='word_1_36' title='bbox 1016 1316 1133 1374; x_wconf 81' lang='lat' dir='ltr'>pugnas,</span> <span class='ocrx_word' id='word_1_37' title='bbox 1149 1300 1200 1356; x_wconf 87' lang='lat' dir='ltr'>sihi</span> <span class='ocrx_word' id='word_1_38' title='bbox 1219 1301 1330 1376; x_wconf 72' lang='lat' dir='ltr'>[troeliaz</span> 
     </span>
     <span class='ocr_line' id='line_1_8' title="bbox 534 1383 1534 1463; baseline 0.008 -23"><span class='ocrx_word' id='word_1_39' title='bbox 534 1385 602 1440; x_wconf 79' lang='lat' dir='ltr'>llum</span> <span class='ocrx_word' id='word_1_40' title='bbox 612 1383 648 1441; x_wconf 93' lang='lat' dir='ltr'>mi</span> <span class='ocrx_word' id='word_1_41' title='bbox 656 1386 808 1442; x_wconf 85' lang='lat' dir='ltr'>abstineant</span> <span class='ocrx_word' id='word_1_42' title='bbox 823 1387 954 1456; x_wconf 86' lang='lat' dir='ltr'>invidere,</span> <span class='ocrx_word' id='word_1_43' title='bbox 964 1386 1016 1443; x_wconf 88' lang='lat' dir='ltr'>sibi</span> <span class='ocrx_word' id='word_1_44' title='bbox 1027 1385 1142 1462; x_wconf 84' lang='lat' dir='ltr'>quisquc</span> <span class='ocrx_word' id='word_1_45' title='bbox 1153 1388 1271 1446; x_wconf 87' lang='lat' dir='ltr'>habeant</span> <span class='ocrx_word' id='word_1_46' title='bbox 1282 1390 1354 1463; x_wconf 89' lang='lat' dir='ltr'>quod</span> <span class='ocrx_word' id='word_1_47' title='bbox 1362 1401 1468 1448; x_wconf 88' lang='lat' dir='ltr'>suumst</span> <span class='ocrx_word' id='word_1_48' title='bbox 1476 1393 1502 1462; x_wconf 90' lang='lat' dir='ltr'>(l</span> <span class='ocrx_word' id='word_1_49' title='bbox 1510 1401 1534 1460; x_wconf 76' lang='lat' dir='ltr'>t.</span> 
     </span>
    </p>
   </div>
   <div class='ocr_carea' id='block_1_4' title="bbox 460 1541 1533 2004">
    <p class='ocr_par' dir='ltr' id='par_1_4' title="bbox 460 1541 1533 2004">
     <span class='ocr_line' id='line_1_9' title="bbox 510 1541 1532 1654; baseline 0.006 -30"><span class='ocrx_word' id='word_1_50' title='bbox 510 1549 693 1648; x_wconf 74' lang='lat' dir='ltr'>Displicent</span> <span class='ocrx_word' id='word_1_51' title='bbox 708 1551 803 1627; x_wconf 88' lang='lat' dir='ltr'>istius</span> <span class='ocrx_word' id='word_1_52' title='bbox 820 1541 955 1651; x_wconf 81' lang='lat' dir='ltr'>generis</span> <span class='ocrx_word' id='word_1_53' title='bbox 976 1552 1109 1628; x_wconf 83' lang='lat' dir='ltr'>insania</span> <span class='ocrx_word' id='word_1_54' title='bbox 1126 1552 1288 1630; x_wconf 78' lang='lat' dir='ltr'>Palinuro</span> <span class='ocrx_word' id='word_1_55' title='bbox 1315 1555 1532 1654; x_wconf 79' lang='lat' dir='ltr'>uoluptatem</span> 
     </span>
     <span class='ocr_line' id='line_1_10' title="bbox 461 1665 1533 1776; baseline 0.004 -26"><span class='ocrx_word' id='word_1_56' title='bbox 461 1684 594 1750; x_wconf 91' lang='lat' dir='ltr'>tuntum</span> <span class='ocrx_word' id='word_1_57' title='bbox 624 1701 702 1773; x_wconf 80' lang='lat' dir='ltr'>quae</span> <span class='ocrx_word' id='word_1_58' title='bbox 723 1701 792 1753; x_wconf 92' lang='lat' dir='ltr'>non</span> <span class='ocrx_word' id='word_1_59' title='bbox 817 1677 974 1753; x_wconf 89' lang='lat' dir='ltr'>aniruum</span> <span class='ocrx_word' id='word_1_60' title='bbox 991 1665 1125 1754; x_wconf 81' lang='lat' dir='ltr'>moneat</span> <span class='ocrx_word' id='word_1_61' title='bbox 1143 1679 1322 1776; x_wconf 88' lang='lat' dir='ltr'>probenti;</span> <span class='ocrx_word' id='word_1_62' title='bbox 1340 1703 1403 1754; x_wconf 85' lang='lat' dir='ltr'>nos</span> <span class='ocrx_word' id='word_1_63' title='bbox 1428 1680 1533 1758; x_wconf 84' lang='lat' dir='ltr'>aliter</span> 
     </span>
     <span class='ocr_line' id='line_1_11' title="bbox 460 1801 1530 1903; baseline 0.005 -28"><span class='ocrx_word' id='word_1_64' title='bbox 460 1801 821 1879; x_wconf 86' lang='lat' dir='ltr'>sentientesrellemus</span> <span class='ocrx_word' id='word_1_65' title='bbox 835 1803 981 1878; x_wconf 86' lang='lat' dir='ltr'>Plautini</span> <span class='ocrx_word' id='word_1_66' title='bbox 1003 1803 1234 1880; x_wconf 82' lang='lat' dir='ltr'>adolescentes</span> <span class='ocrx_word' id='word_1_67' title='bbox 1260 1805 1384 1903; x_wconf 80' lang='lat' dir='ltr'>saepius</span> <span class='ocrx_word' id='word_1_68' title='bbox 1407 1805 1453 1880; x_wconf 85' lang='lat' dir='ltr'>ita</span> <span class='ocrx_word' id='word_1_69' title='bbox 1470 1807 1530 1880; x_wconf 90' lang='lat' dir='ltr'>in-</span> 
     </span>
     <span class='ocr_line' id='line_1_12' title="bbox 461 1928 624 2004; baseline -0.012 -2"><span class='ocrx_word' id='word_1_70' title='bbox 461 1928 624 2004; x_wconf 90' lang='lat' dir='ltr'>snnireut.</span> 
     </span>
    </p>
   </div>
   <div class='ocr_carea' id='block_1_5' title="bbox 975 2171 1011 2264">
    <p class='ocr_par' dir='ltr' id='par_1_5' title="bbox 975 2171 1011 2264">
     <span class='ocr_line' id='line_1_13' title="bbox 975 2171 1011 2264; baseline -0.056 0"><span class='ocrx_word' id='word_1_71' title='bbox 975 2171 1011 2264; x_wconf 92' lang='lat' dir='ltr'>ll</span> 
     </span>
    </p>
   </div>
   <div class='ocr_carea' id='block_1_6' title="bbox 453 2439 1637 4172">
    <p class='ocr_par' dir='ltr' id='par_1_6' title="bbox 453 2439 1637 4172">
     <span class='ocr_line' id='line_1_14' title="bbox 508 2439 1522 2537; baseline 0.002 -23"><span class='ocrx_word' id='word_1_72' title='bbox 508 2440 608 2537; x_wconf 77' lang='lat' dir='ltr'>Apud</span> <span class='ocrx_word' id='word_1_73' title='bbox 622 2441 784 2514; x_wconf 64' lang='lat' dir='ltr'>lss&#39;luuturn</span> <span class='ocrx_word' id='word_1_74' title='bbox 803 2439 971 2516; x_wconf 86' lang='lat' dir='ltr'>nrirumur</span> <span class='ocrx_word' id='word_1_75' title='bbox 985 2464 1092 2516; x_wconf 82' lang='lat' dir='ltr'>unuur</span> <span class='ocrx_word' id='word_1_76' title='bbox 1108 2440 1358 2518; x_wconf 78' lang='lat' dir='ltr'>adolescentem</span> <span class='ocrx_word' id='word_1_77' title='bbox 1377 2442 1522 2518; x_wconf 85' lang='lat' dir='ltr'>inveniri</span> 
     </span>
     <span class='ocr_line' id='line_1_15' title="bbox 458 2564 1523 2664; baseline 0.007 -29"><span class='ocrx_word' id='word_1_78' title='bbox 458 2564 516 2661; x_wconf 76' lang='lat' dir='ltr'>qui</span> <span class='ocrx_word' id='word_1_79' title='bbox 533 2587 698 2662; x_wconf 77' lang='lat' dir='ltr'>inagnum</span> <span class='ocrx_word' id='word_1_80' title='bbox 717 2587 872 2642; x_wconf 87' lang='lat' dir='ltr'>ornarem</span> <span class='ocrx_word' id='word_1_81' title='bbox 891 2565 1016 2644; x_wconf 85' lang='lat' dir='ltr'>decoro</span> <span class='ocrx_word' id='word_1_82' title='bbox 1043 2589 1202 2644; x_wconf 86' lang='lat' dir='ltr'>sermono</span> <span class='ocrx_word' id='word_1_83' title='bbox 1233 2577 1432 2664; x_wconf 82' lang='lat' dir='ltr'>expromat3</span> <span class='ocrx_word' id='word_1_84' title='bbox 1455 2569 1523 2642; x_wconf 85' lang='lat' dir='ltr'>hoo</span> 
     </span>
     <span class='ocr_line' id='line_1_16' title="bbox 458 2689 1637 2786; baseline 0.003 -23"><span class='ocrx_word' id='word_1_85' title='bbox 458 2697 571 2764; x_wconf 87' lang='lat' dir='ltr'>cutem</span> <span class='ocrx_word' id='word_1_86' title='bbox 587 2689 680 2786; x_wconf 87' lang='lat' dir='ltr'>apud</span> <span class='ocrx_word' id='word_1_87' title='bbox 693 2691 892 2766; x_wconf 85' lang='lat' dir='ltr'>Terentium</span> <span class='ocrx_word' id='word_1_88' title='bbox 907 2691 1253 2768; x_wconf 84' lang='lat' dir='ltr'>animadvertendum</span> <span class='ocrx_word' id='word_1_89' title='bbox 1272 2703 1323 2768; x_wconf 87' lang='lat' dir='ltr'>est</span> <span class='ocrx_word' id='word_1_90' title='bbox 1343 2694 1393 2768; x_wconf 85' lang='lat' dir='ltr'>vul</span> <span class='ocrx_word' id='word_1_91' title='bbox 1413 2693 1518 2769; x_wconf 87' lang='lat' dir='ltr'>liber·</span> <span class='ocrx_word' id='word_1_92' title='bbox 1636 2693 1637 2746; x_wconf 63' lang='grc' dir='ltr'><strong>ἶ</strong></span> 
     </span>
     <span class='ocr_line' id='line_1_17' title="bbox 457 2814 1637 2915; baseline 0.001 -27"><span class='ocrx_word' id='word_1_93' title='bbox 457 2814 562 2889; x_wconf 81' lang='lat' dir='ltr'>nimos</span> <span class='ocrx_word' id='word_1_94' title='bbox 580 2825 749 2890; x_wconf 83' lang='lat' dir='ltr'>amatores</span> <span class='ocrx_word' id='word_1_95' title='bbox 764 2817 798 2902; x_wconf 89' lang='lat' dir='ltr'>in</span> <span class='ocrx_word' id='word_1_96' title='bbox 819 2817 892 2914; x_wconf 86' lang='lat' dir='ltr'>ipse</span> <span class='ocrx_word' id='word_1_97' title='bbox 910 2817 1010 2914; x_wconf 88' lang='lat' dir='ltr'>culpa</span> <span class='ocrx_word' id='word_1_98' title='bbox 1031 2816 1160 2914; x_wconf 86' lang='lat' dir='ltr'>aliquid</span> <span class='ocrx_word' id='word_1_99' title='bbox 1180 2817 1319 2915; x_wconf 88' lang='lat' dir='ltr'>purioris</span> <span class='ocrx_word' id='word_1_100' title='bbox 1342 2827 1376 2892; x_wconf 92' lang='lat' dir='ltr'>ot</span> <span class='ocrx_word' id='word_1_101' title='bbox 1396 2817 1517 2893; x_wconf 79' lang='lat' dir='ltr'>sinceri</span> <span class='ocrx_word' id='word_1_102' title='bbox 1636 2825 1637 2832; x_wconf 78' lang='grc'>’</span> 
     </span>
     <span class='ocr_line' id='line_1_18' title="bbox 456 2940 1518 3038; baseline 0.003 -25"><span class='ocrx_word' id='word_1_103' title='bbox 456 2940 581 3038; x_wconf 89' lang='lat' dir='ltr'>leporis</span> <span class='ocrx_word' id='word_1_104' title='bbox 595 2963 731 3038; x_wconf 90' lang='lat' dir='ltr'>semper</span> <span class='ocrx_word' id='word_1_105' title='bbox 746 2941 908 3016; x_wconf 86' lang='lat' dir='ltr'>retinere.</span> <span class='ocrx_word' id='word_1_106' title='bbox 935 2943 978 3016; x_wconf 89' lang='lat' dir='ltr'>Ut</span> <span class='ocrx_word' id='word_1_107' title='bbox 997 2941 1134 3016; x_wconf 88' lang='lat' dir='ltr'>Plautus</span> <span class='ocrx_word' id='word_1_108' title='bbox 1154 2941 1186 3014; x_wconf 93' lang='lat' dir='ltr'>in</span> <span class='ocrx_word' id='word_1_109' title='bbox 1207 2941 1448 3030; x_wconf 79' lang='lat' dir='ltr'>Bacchidibus,</span> <span class='ocrx_word' id='word_1_110' title='bbox 1471 2943 1518 3016; x_wconf 82' lang='lat' dir='ltr'>sir</span> 
     </span>
     <span class='ocr_line' id='line_1_19' title="bbox 457 3065 1515 3165; baseline 0 -25"><span class='ocrx_word' id='word_1_111' title='bbox 457 3065 635 3142; x_wconf 81' lang='lat' dir='ltr'>Terentius</span> <span class='ocrx_word' id='word_1_112' title='bbox 650 3065 683 3140; x_wconf 94' lang='lat' dir='ltr'>in</span> <span class='ocrx_word' id='word_1_113' title='bbox 698 3066 866 3140; x_wconf 74' lang='lat' dir='ltr'>Eunucho</span> <span class='ocrx_word' id='word_1_114' title='bbox 887 3065 1040 3165; x_wconf 81' lang='lat' dir='ltr'>depinxit</span> <span class='ocrx_word' id='word_1_115' title='bbox 1061 3066 1312 3142; x_wconf 81' lang='lat' dir='ltr'>adolescentem</span> <span class='ocrx_word' id='word_1_116' title='bbox 1336 3067 1515 3164; x_wconf 88' lang='lat' dir='ltr'>hucusque</span> 
     </span>
     <span class='ocr_line' id='line_1_20' title="bbox 456 3191 1517 3290; baseline 0 -24"><span class='ocrx_word' id='word_1_117' title='bbox 456 3200 704 3288; x_wconf 82' lang='lat' dir='ltr'>temperantem</span> <span class='ocrx_word' id='word_1_118' title='bbox 746 3202 780 3268; x_wconf 85' lang='lat' dir='ltr'>et</span> <span class='ocrx_word' id='word_1_119' title='bbox 814 3192 926 3266; x_wconf 86' lang='lat' dir='ltr'>subita</span> <span class='ocrx_word' id='word_1_120' title='bbox 957 3191 1144 3290; x_wconf 81' lang='lat' dir='ltr'>cupiditate</span> <span class='ocrx_word' id='word_1_121' title='bbox 1183 3200 1380 3290; x_wconf 86' lang='lat' dir='ltr'>correptum</span> <span class='ocrx_word' id='word_1_122' title='bbox 1414 3202 1517 3290; x_wconf 87' lang='lat' dir='ltr'>atque</span> 
     </span>
     <span class='ocr_line' id='line_1_21' title="bbox 456 3307 1516 3418; baseline 0 -29"><span class='ocrx_word' id='word_1_123' title='bbox 456 3307 730 3392; x_wconf 85' lang='lat' dir='ltr'>inflammatum:</span> <span class='ocrx_word' id='word_1_124' title='bbox 762 3316 904 3394; x_wconf 74' lang='lat' dir='ltr'>Chaerea</span> <span class='ocrx_word' id='word_1_125' title='bbox 928 3320 1020 3394; x_wconf 88' lang='lat' dir='ltr'>enim</span> <span class='ocrx_word' id='word_1_126' title='bbox 1046 3317 1217 3416; x_wconf 76' lang='lat' dir='ltr'>virginem</span> <span class='ocrx_word' id='word_1_127' title='bbox 1252 3328 1516 3418; x_wconf 75' lang='lat' dir='ltr'>praetereuntem</span> 
     </span>
     <span class='ocr_line' id='line_1_22' title="bbox 455 3442 1515 3543; baseline 0.001 -28"><span class='ocrx_word' id='word_1_128' title='bbox 455 3442 559 3535; x_wconf 85' lang='lat' dir='ltr'>ridet,</span> <span class='ocrx_word' id='word_1_129' title='bbox 581 3443 686 3518; x_wconf 88' lang='lat' dir='ltr'>visam</span> <span class='ocrx_word' id='word_1_130' title='bbox 711 3453 863 3543; x_wconf 74' lang='lat' dir='ltr'>exoptat,</span> <span class='ocrx_word' id='word_1_131' title='bbox 887 3453 1046 3542; x_wconf 82' lang='lat' dir='ltr'>exoptata</span> <span class='ocrx_word' id='word_1_132' title='bbox 1065 3443 1129 3517; x_wconf 88' lang='lat' dir='ltr'>uisi</span> <span class='ocrx_word' id='word_1_133' title='bbox 1155 3443 1305 3540; x_wconf 83' lang='lat' dir='ltr'>poliatur</span> <span class='ocrx_word' id='word_1_134' title='bbox 1331 3443 1430 3540; x_wconf 82' lang='lat' dir='ltr'>perit,</span> <span class='ocrx_word' id='word_1_135' title='bbox 1457 3442 1515 3518; x_wconf 89' lang='lat' dir='ltr'>sed</span> 
     </span>
     <span class='ocr_line' id='line_1_23' title="bbox 454 3568 1513 3669; baseline 0 -27"><span class='ocrx_word' id='word_1_136' title='bbox 454 3568 684 3666; x_wconf 79' lang='lat' dir='ltr'>potiusquam</span> <span class='ocrx_word' id='word_1_137' title='bbox 697 3569 913 3669; x_wconf 81' lang='lat' dir='ltr'>pereet‚ejus</span> <span class='ocrx_word' id='word_1_138' title='bbox 926 3571 1108 3668; x_wconf 85' lang='lat' dir='ltr'>pudorem,</span> <span class='ocrx_word' id='word_1_139' title='bbox 1121 3569 1272 3645; x_wconf 89' lang='lat' dir='ltr'>eunuchi</span> <span class='ocrx_word' id='word_1_140' title='bbox 1288 3579 1381 3646; x_wconf 84' lang='lat' dir='ltr'>vesle</span> <span class='ocrx_word' id='word_1_141' title='bbox 1392 3576 1513 3658; x_wconf 88' lang='lat' dir='ltr'>tectus,</span> 
     </span>
     <span class='ocr_line' id='line_1_24' title="bbox 454 3693 1515 3794; baseline -0.002 -24"><span class='ocrx_word' id='word_1_142' title='bbox 454 3703 638 3794; x_wconf 77' lang='lat' dir='ltr'>expugnat.</span> <span class='ocrx_word' id='word_1_143' title='bbox 694 3697 783 3783; x_wconf 90' lang='lat' dir='ltr'>Num</span> <span class='ocrx_word' id='word_1_144' title='bbox 836 3695 895 3770; x_wconf 85' lang='lat' dir='ltr'>tibi</span> <span class='ocrx_word' id='word_1_145' title='bbox 940 3694 1070 3793; x_wconf 78' lang='lat' dir='ltr'>fingere</span> <span class='ocrx_word' id='word_1_146' title='bbox 1115 3703 1211 3792; x_wconf 86' lang='lat' dir='ltr'>potes</span> <span class='ocrx_word' id='word_1_147' title='bbox 1259 3693 1515 3770; x_wconf 84' lang='lat' dir='ltr'>concitatiorem</span> 
     </span>
     <span class='ocr_line' id='line_1_25' title="bbox 453 3819 1515 3917; baseline -0.003 -22"><span class='ocrx_word' id='word_1_148' title='bbox 453 3819 731 3897; x_wconf 74' lang='lat' dir='ltr'>adolescentem</span> <span class='ocrx_word' id='word_1_149' title='bbox 751 3844 846 3913; x_wconf 86' lang='lat' dir='ltr'>num,</span> <span class='ocrx_word' id='word_1_150' title='bbox 869 3829 906 3894; x_wconf 89' lang='lat' dir='ltr'>ut</span> <span class='ocrx_word' id='word_1_151' title='bbox 925 3821 1030 3896; x_wconf 87' lang='lat' dir='ltr'>verbo</span> <span class='ocrx_word' id='word_1_152' title='bbox 1046 3819 1203 3896; x_wconf 86' lang='lat' dir='ltr'>Plautino</span> <span class='ocrx_word' id='word_1_153' title='bbox 1218 3828 1305 3906; x_wconf 86' lang='lat' dir='ltr'>utar,</span> <span class='ocrx_word' id='word_1_154' title='bbox 1328 3819 1515 3917; x_wconf 89' lang='lat' dir='ltr'>pleniorem</span> 
     </span>
     <span class='ocr_line' id='line_1_26' title="bbox 453 3946 1517 4046; baseline -0.001 -25"><span class='ocrx_word' id='word_1_155' title='bbox 453 3946 656 4046; x_wconf 71' lang='lat' dir='ltr'>sanguinis?</span> <span class='ocrx_word' id='word_1_156' title='bbox 682 3947 795 4045; x_wconf 90' lang='lat' dir='ltr'>Hujus</span> <span class='ocrx_word' id='word_1_157' title='bbox 823 3970 903 4023; x_wconf 88' lang='lat' dir='ltr'>vero</span> <span class='ocrx_word' id='word_1_158' title='bbox 934 3947 1098 4022; x_wconf 87' lang='lat' dir='ltr'>amatoris</span> <span class='ocrx_word' id='word_1_159' title='bbox 1130 3969 1197 4022; x_wconf 89' lang='lat' dir='ltr'>uon</span> <span class='ocrx_word' id='word_1_160' title='bbox 1228 3953 1363 4020; x_wconf 89' lang='lat' dir='ltr'>tantum</span> <span class='ocrx_word' id='word_1_161' title='bbox 1399 3969 1517 4022; x_wconf 86' lang='lat' dir='ltr'>sensus</span> 
     </span>
     <span class='ocr_line' id='line_1_27' title="bbox 454 4071 1533 4172; baseline -0.003 -24"><span class='ocrx_word' id='word_1_162' title='bbox 454 4071 640 4170; x_wconf 88' lang='lat' dir='ltr'>eupiditate</span> <span class='ocrx_word' id='word_1_163' title='bbox 653 4071 819 4172; x_wconf 75' lang='lat' dir='ltr'>ssagran13</span> <span class='ocrx_word' id='word_1_164' title='bbox 835 4072 906 4171; x_wconf 92' lang='lat' dir='ltr'>ipse</span> <span class='ocrx_word' id='word_1_165' title='bbox 925 4074 1063 4148; x_wconf 87' lang='lat' dir='ltr'>animus</span> <span class='ocrx_word' id='word_1_166' title='bbox 1081 4073 1249 4170; x_wconf 86' lang='lat' dir='ltr'>arlspectac</span> <span class='ocrx_word' id='word_1_167' title='bbox 1269 4071 1409 4171; x_wconf 80' lang='lat' dir='ltr'>virginis</span> <span class='ocrx_word' id='word_1_168' title='bbox 1430 4072 1533 4146; x_wconf 51' lang='lat' dir='ltr'>mira¹</span> 
     </span>
    </p>
   </div>
   <div class='ocr_carea' id='block_1_7' title="bbox 485 4260 811 4325">
    <p class='ocr_par' dir='ltr' id='par_1_7' title="bbox 485 4260 811 4325">
     <span class='ocr_line' id='line_1_28' title="bbox 485 4260 811 4325; baseline -0.012 -12"><span class='ocrx_word' id='word_1_169' title='bbox 485 4261 518 4325; x_wconf 77' lang='lat' dir='ltr'>tl)</span> <span class='ocrx_word' id='word_1_170' title='bbox 536 4260 663 4318; x_wconf 75' lang='lat' dir='ltr'>Cunculio,</span> <span class='ocrx_word' id='word_1_171' title='bbox 680 4263 697 4318; x_wconf 89' lang='grc'>1,</span> <span class='ocrx_word' id='word_1_172' title='bbox 715 4260 736 4321; x_wconf 89' lang='lat' dir='ltr'>l,</span> <span class='ocrx_word' id='word_1_173' title='bbox 749 4261 773 4322; x_wconf 58' lang='lat' dir='ltr'>tl,</span> <span class='ocrx_word' id='word_1_174' title='bbox 789 4261 811 4310; x_wconf 84' lang='lat'>3.</span> 
     </span>
    </p>
   </div>
   <div class='ocr_carea' id='block_1_8' title="bbox 0 0 1670 5258">
    <p class='ocr_par' dir='ltr' id='par_1_8' title="bbox 0 0 1670 5258">
     <span class='ocr_line' id='line_1_29' title="bbox 0 0 1670 5258; baseline 0 3"><span class='ocrx_word' id='word_1_175' title='bbox 0 0 1670 5258; x_wconf 95' lang='lat' dir='ltr'> </span> 
     </span>
    </p>
   </div>
  </div>
 </body>
</html>
