3330 5258
910 493 1070 558 -44-

457 631 515 706 sed
532 640 656 705 natura
672 629 906 706 verecundum
920 640 954 707 et
972 631 1152 730 disciplina
1164 631 1336 728 asperiore
1355 630 1521 706 informa-

457 765 544 832 tum.
572 759 715 832 Chaerea
743 758 779 831 in
812 759 991 844 Eunucho,
1023 757 1139 855 primo
1167 780 1286 833 amore
1311 767 1516 850 commotus,

458 883 544 956 nihil
574 907 641 957 non
675 883 794 970 audet;
829 883 1004 980 Ctesipho,
1040 884 1122 958 item
1148 882 1305 974 allectus,
1337 884 1422 957 nihil
1452 907 1519 986 non

458 1007 635 1106 desperat3
664 1010 767 1084 ambo
794 1016 969 1098 naturam,
1001 1009 1062 1083 etsi
1091 1008 1261 1086 diversam
1293 1009 1326 1083 in
1358 1019 1518 1108 utroque,

459 1143 663 1230 sequuntur.
681 1135 848 1210 Pndicum
860 1135 1013 1208 animum
1025 1135 1077 1209 vel
1089 1135 1213 1208 invitus
1224 1135 1518 1231 Ctesiphoservat,

460 1281 523 1333 nec
542 1283 665 1357 parum
683 1268 780 1358 grata
796 1260 893 1333 nobis
917 1260 1066 1333 occurrit
1085 1259 1160 1357 ejus
1181 1260 1358 1357 inexperta
1376 1261 1523 1358 pravitas

457 1406 492 1456 se
507 1382 612 1458 fratre
625 1384 778 1483 pejerem
793 1384 1018 1459 existimantis
1033 1383 1126 1481 quod
1148 1385 1182 1458 in
1205 1385 1294 1458 mala
1313 1386 1369 1460 via
1387 1385 1522 1458 medius

458 1508 595 1584 haercat.
618 1509 712 1584 Utin
728 1510 785 1584 illo
805 1509 945 1584 virtutes
959 1509 1116 1599 eximias,
1143 1510 1267 1606 quibus
1287 1509 1419 1608 indiget
1433 1510 1517 1607 ipse,

457 1636 621 1709 miratur!
643 1636 687 1710 Ut
700 1637 793 1709 illum
808 1635 1000 1731 primarum
1018 1635 1145 1708 artium
1163 1635 1357 1732 principem
1374 1635 1516 1709 salutat!

457 1759 583 1858 qnippe
599 1761 658 1858 qui
680 1761 765 1834 sciat
780 1782 840 1833 sno
859 1759 956 1833 fratri
974 1759 1204 1856 opitulaturos
1229 1761 1261 1832 in
1283 1759 1373 1834 aedes
1392 1761 1520 1834 alienas

457 1884 602 1974 irruere,
624 1886 789 1982 virginem
810 1907 946 1982 rapere,
962 1885 1124 1960 lenonem
1143 1885 1252 1982 plagis
1273 1883 1455 1960 conticere.
1475 1887 1521 1960 Ut

457 2032 537 2083 vero
550 2033 585 2084 se
596 2010 797 2100 contemnit,
807 2009 866 2107 qni
876 2009 1012 2084 sibimet
1024 2009 1084 2108 ipsi
1098 2033 1300 2084 succurrere
1310 2033 1379 2084 non
1393 2011 1515 2084 valeat!

457 2136 593 2209 Etenim
614 2137 671 2208 uhi
696 2137 847 2234 primum
873 2145 1006 2233 patrem
1030 2137 1215 2211 adventare
1233 2135 1345 2226 discit,
1367 2137 1521 2232 pericula

457 2284 605 2359 quaeqne
619 2261 836 2336 imminentia
849 2261 938 2336 bene
951 2261 1130 2359 praevidet,
1152 2261 1301 2336 rationes
1314 2271 1431 2335 autem
1449 2285 1521 2336 sese

427 2455 430 2464 .
457 2385 660 2482 expediendi
677 2387 766 2460 male
789 2386 937 2484 dispicit,
966 2397 1070 2484 atque
1096 2387 1180 2460 nihil
1208 2387 1350 2461 omnino
1369 2387 1451 2476 doli,
1469 2388 1521 2461 vel

373 2499 377 2511 '
401 2584 405 2590 ,
457 2512 542 2606 Syro
564 2512 761 2585 stimulante
776 2520 810 2585 et
832 2513 930 2609 quasi
953 2513 1043 2588 viam
1072 2522 1297 2604 monstrante,
1326 2513 1521 2612 excogitare

457 2644 580 2733 potest.

459 2874 602 2938 Crnsmno.
620 2908 655 2915 -
670 2875 746 2932 Nunc
755 2876 803 2932 ubi
813 2894 857 2933 me
867 2876 924 2933 illic
933 2895 988 2935 non
997 2879 1112 2948 videbit,
1121 2881 1178 2952 jam
1188 2881 1243 2936 huc
1252 2887 1387 2946 recurret,
1398 2887 1440 2935 sat
1448 2879 1503 2934 scio

529 2965 669 3036 Rogitabit
678 2982 733 3036 me,
750 2966 798 3022 ubi
810 2966 926 3024 luerim:
942 2987 955 3024 c
970 2968 1027 3044 Ego
1042 2968 1094 3025 hoc
1107 2975 1135 3026 te
1150 2976 1205 3026 toto
1220 2986 1274 3025 non
1290 2969 1343 3025 vidi
1359 2968 1438 3024 die.»

529 3054 598 3119 Quid
611 3055 718 3110 dicam?

564 3179 662 3236 Stans.
671 3212 706 3222 -—
718 3180 796 3239 Nilne
810 3182 838 3237 in
851 3183 1020 3239 mentemst?

908 3309 953 3366 Cr.
968 3341 1003 3352 -
1018 3307 1170 3383 Numquam
1178 3311 1333 3384 quiequam.

1190 3435 1234 3490 Sr.
1248 3467 1283 3474 -
1296 3435 1383 3489 Tanto
1393 3431 1519 3505 nequior.

530 3538 630 3607 Cliens,
647 3539 762 3611 amicus,
777 3541 878 3616 hospes
892 3551 999 3599 nemost
1013 3542 1111 3600 vobis?

1008 3665 1053 3722 Gr.
1067 3697 1103 3706 -
1115 3665 1200 3722 Sunt:
1217 3663 1282 3739 quid
1296 3663 1413 3737 postea?
1431 3631 1433 3634 Ι

458 3766 687 3826 Stltus-Hisce
700 3784 785 3844 opera
796 3778 827 3826 ut
840 3769 903 3828 data
916 3771 960 3827 sit.
1137 3815 1152 3850 2

850 3894 895 3951 Gr.
908 3925 944 3939 ·-
956 3894 1021 3960 Qua
1036 3914 1090 3954 non
1104 3897 1168 3955 data
1181 3897 1238 3954 sit?
1250 3914 1303 3954 non
1316 3904 1406 3971 potest
1416 3895 1484 3952 lieri.

1292 4021 1355 4078 sm.
1369 4053 1405 4062 —
1417 4020 1521 4077 Potest.
1637 4069 1638 4080 ,

461 4142 506 4200 Gr.
520 4173 555 4185 -
567 4142 690 4200 lnterdiu
704 4163 710 4200 :
727 4145 776 4202 sed
791 4144 814 4202 si
827 4145 872 4202 hie
885 4153 1026 4221 peracuto,
1042 4164 1131 4206 causae
1145 4147 1210 4222 quid
1225 4147 1324 4216 dicam,
1341 4147 1433 4220 Syre?

461 4269 525 4326 Sta.
537 4301 571 4310 —
581 4268 638 4326 Valr
648 4270 655 4326 l
666 4287 748 4343 quam
757 4271 855 4329 vellem
866 4273 948 4331 etiam
961 4281 1043 4331 noctu
1056 4273 1150 4331 amieis
1164 4291 1276 4348 operam
1289 4289 1350 4332 mos
1363 4281 1437 4330 esset
1449 4263 1521 4332 tari.
1637 4263 1638 4296 ³
