3330 5258
920 491 958 511 ,ε
979 467 1018 528 50
1037 503 1077 514 ..

461 601 505 658 m.
520 631 556 646 -
570 600 659 664 Quid?
676 601 744 673 patri
758 599 842 658 etiam
855 600 1015 674 gratulabor
1029 619 1110 674 cluam
1124 601 1199 660 iiiam
1210 603 1334 662 invenit?
1412 631 1416 638 ·

1224 729 1275 786 Tit.
1290 761 1324 772 -
1339 730 1453 788 Censeo.

463 798 507 854 i'n.
523 830 558 839 -
569 796 657 864 Quid?
673 795 754 854 matri
769 795 828 867 cjus
839 799 852 851 ‘t

743 923 792 979 Ta.
811 953 844 965 -
860 922 973 982 Censeo.

886 1048 931 1105 m.
945 1082 979 1091 -
992 1050 1061 1115 Quin
1074 1068 1140 1126 erge
1153 1055 1269 1109 censes?

1151 1178 1199 1234 iit.
1217 1211 1253 1220 -
1267 1180 1345 1244 Quod
1359 1198 1452 1254 regas,

531 1247 643 1304 Censen.

549 1372 593 1428 i’n.
611 1403 645 1412 -
661 1370 708 1428 liic
721 1387 798 1445 ergo,
814 1371 908 1444 quanti
921 1374 1037 1428 censes?

920 1461 969 1517 Ta.
987 1494 1022 1518 -.
1035 1461 1152 1536 Egone?
1163 1464 1277 1522 Censeo.

460 1552 505 1608 i'c.
522 1581 556 1592 -
571 1555 691 1608 Atsumc
703 1550 813 1624 quidem
824 1566 831 1618 ;
845 1568 879 1606 ne
892 1550 1045 1608 censionem
1058 1570 1168 1628 semper
1179 1555 1272 1611 iacias.

1160 1681 1208 1736 Tit.
1226 1711 1261 1722 -
1275 1681 1387 1737 Censeo.

461 1769 505 1824 i'c.
522 1801 556 1809 --
569 1767 649 1837 Quid,
663 1767 685 1823 si
699 1784 805 1824 curram
817 1770 830 1822 ‘i

724 1876 774 1931 Ta.
792 1908 826 1917 -
840 1875 942 1933 Censeo

861 1999 904 2056 itt.
922 2031 957 2042 -
969 2001 1010 2056 rin
1024 1998 1064 2056 sic
1076 1999 1168 2074 potius
1181 2000 1307 2074 placide?

1201 2126 1250 2182 ΤΒ.
1267 2157 1302 2170 -
1315 2127 1430 2186 Censeo.

447 2215 503 2272 -i’n
521 2247 555 2258 -
570 2215 693 2274 Etiamne
709 2232 768 2272 eam
784 2213 931 2272 adveniens
945 2214 1082 2272 salutem?

919 2403 923 2411 ⁸
971 2340 1021 2396 iit.
1037 2372 1071 2380 —-
1087 2341 1199 2398 Censen.

458 2539 460 2543 7
1088 2466 1132 2522 l'c.
1149 2500 1185 2508 -
1199 2467 1322 2526 Etiamne
1338 2472 1465 2541 patrem?
1535 2504 1541 2514 ·

461 2537 506 2593 l'n.
523 2570 558 2578 —-
572 2539 685 2595 Censeo.

580 2647 626 2702 l'n.
643 2679 677 2687 -
693 2647 755 2700 i¹0st
769 2645 829 2717 «rjais
843 2650 979 2703 niatrcnr'?

878 2773 927 2828 Τις.
943 2802 980 2813 -
993 2771 1103 2830 Censeo.

995 2900 1039 2956 i't.
1056 2931 1091 2943 -
1107 2898 1175 2966 Quid
1190 2908 1304 2975 postca?

524 2989 648 3046 Etiamne
666 2989 812 3046 adveniens
832 2990 986 3064 ccrrplectar
1006 2991 1064 3062 ejus
1085 2993 1214 3063 patrem?

1111 3116 1159 3171 Ta.
1175 3149 1210 3156 —
1225 3115 1284 3172 Non
1299 3133 1408 3173 censen.

456 3206 501 3262 Pn.
518 3237 553 3246 -—
568 3205 638 3272 Quid
652 3207 789 3262 matrem?

683 3329 732 3386 Ta.
750 3363 784 3371 -—
800 3330 857 3386 Non
873 3347 980 3387 censeo,

879 3438 925 3493 PL.
942 3471 976 3477 —-
991 3437 1059 3502 Quid
1075 3455 1184 3512 eampse
1199 3438 1300 3495 iilam?

1186 3565 1234 3622 Ta.
1250 3597 1286 3606 ——
1299 3563 1356 3620 Non
1370 3581 1478 3622 censeo.

455 3653 500 3710 Pc.
517 3687 551 3696 -
566 3655 650 3711 Perii!
667 3655 792 3712 dilectum
808 3655 929 3712 dimisit:
944 3673 1015 3713 nunc
1028 3671 1082 3712 nnn
1097 3664 1201 3724 censet,
1217 3672 1300 3730 quom
1315 3655 1376 3712 vein
1391 3656 1440 3727 (t).

501 3811 600 3890 Nulla
621 3812 730 3886 Plauti
758 3810 872 3886 fabula
896 3811 1119 3888 adolescentis
1139 3813 1268 3888 recenti
1294 3799 1513 3886 matrimonio

453 3933 598 4009 devincti
634 3960 744 4012 mores
784 3937 956 4036 depingit;
1001 3939 1113 4030 nulia,
1157 3948 1282 4036 praeter
1318 3937 1509 4035 Hecyram,

453 4059 615 4135 Terentii.
651 4061 842 4136 Dinarchus
869 4062 1009 4158 quidem
1045 4063 1080 4136 in
1112 4063 1314 4136 Traccnlentc
1346 4061 1509 4158 puellam,

485 4255 518 4320 (r)
535 4255 644 4317 nenena,
661 4258 698 4316 tv,
714 4257 736 4305 a.
