3330 5258
883 454 1044 516 ...74-

437 596 657 670 Trinummns
684 593 826 684 indicat,
853 592 951 690 cujus
976 593 1011 665 in
1039 592 1182 690 prologo
1210 590 1364 664 Luxuria
1396 611 1493 662 suam

432 720 538 795 filiam
554 721 709 816 Inopiam
726 719 758 792 in
775 717 954 792 Lesbonici
971 717 1115 792 domum
1132 740 1248 792 secum
1268 715 1409 790 adducit
1426 714 1437 813 (
1465 714 1492 813 ).

432 837 523 925 Quid
550 859 592 911 ex
624 836 692 909 hac
718 835 928 909 Philemonis
957 832 1076 908 fabula
1102 842 1204 930 poeta
1226 833 1351 906 latinus
1380 840 1495 905 trans-

432 963 564 1053 tulerit,
576 961 660 1059 quid
673 962 876 1058 neglexerit,
893 961 927 1033 in
943 959 1049 1035 dubio
1067 968 1185 1034 manet
1195 989 1204 1048 ;
1221 960 1287 1034 boc
1305 981 1387 1034 vcro
1399 981 1494 1032 eom-

431 1096 568 1186 pertum
593 1095 644 1162 est
656 1087 886 1161 Lesbonicum
905 1094 940 1161 et
956 1085 1136 1184 Lysitelem
1155 1084 1268 1159 verbis
1292 1083 1494 1183 gravitatem

433 1235 612 1287 romanam
635 1211 867 1287 redolentibus
880 1211 1023 1287 Veneris
1039 1212 1209 1307 impetum
1225 1210 1405 1301 damnare,
1426 1232 1495 1306 quo

432 1338 535 1411 simul
553 1361 606 1413 res
623 1345 658 1412 et
674 1337 822 1436 dignitas
846 1337 984 1433 penitus
1005 1345 1217 1425 evertantur,
1238 1359 1301 1410 nec
1324 1335 1496 1410 immerito

433 1463 547 1538 dicere
585 1462 694 1560 potuit
731 1462 784 1535 vir
819 1460 952 1560 judicio
994 1470 1029 1536 et
1067 1461 1224 1537 doctrina
1255 1464 1495 1559 prestantissi-

437 1611 513 1663 mus
534 1589 691 1662 Plautum
718 1587 754 1660 in
780 1586 846 1662 boc
873 1589 947 1662 loco
972 1611 1071 1684 paene
1093 1588 1163 1661 vim
1184 1589 1318 1685 assequi
1345 1589 1495 1663 Lucretii

435 1713 638 1813 flagitiosam
673 1722 708 1789 et
734 1712 936 1788 damnosam
970 1722 1165 1788 amatorum
1197 1713 1495 1810 intemperantiam

435 1839 651 1938 depingentis
677 1838 743 1938 (2).
770 1840 886 1928 Quum
910 1861 991 1914 vero
1016 1839 1205 1938 gravissimi
1230 1861 1406 1914 sermones
1427 1862 1496 1936 praa

435 1966 540 2041 rebus
549 1966 801 2064 ipsislanguere
816 1964 1116 2040 vehementissimo
1131 1965 1286 2064 scriptori
1300 1965 1495 2055 videantur,

435 2092 518 2166 alios
548 2091 680 2166 inducit
706 2089 939 2166 adolescentes
971 2113 1040 2165 non
1075 2099 1210 2165 tantum
1243 2091 1496 2189 praeteritorum

434 2225 654 2314 peccatorum
683 2216 862 2306 memoria,
894 2215 953 2292 scd
984 2217 1057 2314 ipsa
1084 2218 1242 2315 praesenti
1270 2215 1494 2312 turpitudine,

435 2340 621 2438 qnoducat
634 2341 794 2414 insatiata
808 2340 927 2430 libido,
950 2341 1091 2415 vividius
1112 2343 1341 2417 ostendentes.
1357 2343 1396 2415 ln
1418 2363 1497 2416 me-

435 2466 493 2542 dio
518 2466 604 2553 luto,
633 2489 653 2541 c
680 2488 750 2562 quo
774 2465 915 2541 tandem
940 2467 1150 2542 Lesbonicus
1184 2467 1350 2566 emergit,
1384 2467 1498 2541 Pisto-

436 2593 549 2666 clerus
574 2599 608 2666 et
632 2591 825 2666 Dinarchus
852 2592 966 2666 adbuc
1004 2594 1223 2682 volutantur,
1254 2594 1357 2667 ambo
1386 2593 1435 2668 rei
1465 2599 1498 2666 et

437 2716 540 2791 iamae
568 2740 639 2790 suae
664 2717 806 2805 inimici,
841 2741 921 2792 rere
937 2719 1038 2815 probi
1062 2733 1228 2792 amotores
1252 2719 1316 2816 (3),
1337 2717 1497 2793 utverbis

436 2842 603 2916 Plautinis
619 2851 709 2934 utar,
725 2843 915 2941 proborum
943 2845 1098 2917 lenonum
1117 2845 1215 2919 bonis
1241 2844 1405 2918 dentibus
1427 2866 1499 2918 sese

438 2969 640 3044 lacerandos
655 2970 867 3069 objicientes.
884 2970 982 3044 Tales
993 2979 1165 3046 amatores
1179 2994 1287 3068 quum
1307 2971 1497 3069 effingeret,

437 3096 597 3170 Plautum
630 3095 797 3193 suspicor,
830 3096 992 3171 liberiore
1016 3097 1311 3194 interpretatione,
1339 3104 1378 3170 ut
1401 3096 1496 3186 solet,

440 3229 607 3312 utentem,
625 3221 698 3320 jam
726 3244 795 3295 non
823 3221 866 3296 ad
885 3223 1096 3319 exemplaria
1117 3244 1242 3321 grace,
1266 3244 1331 3296 nec
1356 3243 1500 3319 praeser-

440 3347 502 3420 tim
512 3347 555 3422 ad
574 3346 803 3423 Menandreos
816 3347 1062 3436 adolescentes,
1076 3349 1179 3422 insita
1190 3347 1398 3423 verecundia
1413 3357 1502 3421 tem-

439 3480 588 3570 peratos,
609 3472 807 3570 respexisse,
829 3471 887 3546 sed
907 3471 951 3546 ad
975 3472 1078 3552 vitani
1099 3474 1208 3571 ipsam
1226 3482 1261 3548 et
1277 3473 1318 3547 ad
1346 3474 1421 3547 illos
1438 3472 1502 3547 sibi

439 3598 629 3695 propiores,
653 3598 746 3672 baud
774 3599 938 3695 exiguam
965 3599 1157 3696 juventutis
1180 3622 1333 3674 romanae
1351 3607 1499 3697 partem,

441 3724 654 3820 voluptatum
675 3746 694 3796 e
716 3724 851 3798 Graecia
862 3731 896 3798 et
907 3724 987 3798 Asia
1001 3724 1141 3798 devictis
1156 3727 1198 3798 ad
1215 3725 1342 3800 Urbem
1360 3725 1504 3800 affluen-

473 3919 506 3983 (l)
528 3918 666 3968 Trinummi
675 3920 801 3983 prologus,
821 3921 905 3983 paucis
919 3921 1030 3970 versibus
1044 3923 1163 3984 exeeptis,
1178 3937 1234 3971 vere
1248 3923 1375 3972 Plautinus
1389 3924 1501 3972 babetur.

451 4001 511 4049 Vide
529 4001 654 4058 llziatzko,
677 3999 712 4050 De
731 3999 841 4064 prologis
861 4000 986 4050 Plautinis
1004 4002 1028 4050 et
1050 4001 1204 4052 Terentionis
1229 4002 1374 4066 questiones
1399 4003 1504 4070 selectu,

442 4082 543 4141 Bonnae,
559 4078 640 4141 taut.)

472 4161 505 4225 (b)
523 4163 603 4222 Patin,
619 4142 712 4213 E'ludcs
725 4175 769 4211 sur
782 4162 808 4211 lo
820 4160 903 4226 potate
918 4162 1004 4220 lutino,
1020 4165 1053 4224 ll,
1064 4176 1088 4224 p.
1102 4161 1156 4212 249.

473 4243 509 4308 (3)
528 4243 701 4306 Truculentua,
716 4244 736 4306 l,
750 4243 774 4293 2.
