3330 5258
895 513 1034 564 *gp-

432 639 593 712 mioimas
623 646 736 735 partes
771 635 966 728 obtine-aut,
1015 638 1221 713 'l'erentiauo
1265 645 1379 712 tamen
1417 648 1495 713 nota

430 764 551 862 signati
583 762 680 837 vvobis
708 771 902 837 occurrunt.
935 764 1088 838 Alterum
1110 764 1142 836 iu
1165 765 1378 838 Phormione
1400 769 1496 839 uam

429 889 580 964 narratio
593 887 739 963 ostendit
753 887 914 985 usquead
927 888 1094 985 lacrymas
1109 899 1320 962 oomumtum
1335 899 1368 963 et
1384 913 1497 987 nuper

429 1016 508 1088 visae
534 1014 762 1112 pauperrimae
787 1012 926 1112 virginis
954 1013 1105 1088 miserias
1126 1014 1237 1087 vorbis
1262 1015 1347 1088 adeo
1373 1014 1495 1090 vividis

428 1139 691 1228 describentem,
722 1147 759 1212 ut
796 1137 965 1213 sodalium
998 1161 1138 1212 suorum
1173 1137 1297 1212 animis
1330 1162 1491 1238 maguam

428 1265 680 1340 miserationem
710 1264 839 1363 injiciat
874 1264 938 1362 (l).
982 1266 1088 1355 Alter,
1121 1266 1154 1338 in
1174 1265 1320 1354 Andria,
1354 1266 1492 1340 nomine
1606 1317 1610 1328 ·

428 1389 612 1480 Charinus,
634 1413 714 1464 vere
743 1389 879 1464 oarrdidi
914 1398 948 1464 et
976 1391 1057 1465 casti
1090 1389 1211 1476 inanimi,
1232 1389 1487 1480 Philumenam,

427 1515 613 1614 iugenuam
638 1525 670 1589 et
700 1524 878 1590 venustam
905 1516 1078 1610 patellam,
1112 1515 1349 1590 horaestissimo
1371 1538 1490 1590 amore

425 1631 657 1728 amplectitur,
677 1630 832 1705 eanvdem
854 1631 982 1705 seilicet
996 1655 1100 1728 quarm
1125 1631 1333 1728 Pamphilus,
1354 1630 1397 1704 ah
1411 1633 1489 1704 llu-

425 1757 687 1854 tiphilaeaptus,
710 1755 772 1830 sibi
796 1756 933 1831 obtrudi
958 1757 1125 1854 queritur.
1150 1759 1198 1830 lta
1225 1756 1366 1854 pudieus
1385 1779 1487 1831 aures

424 1881 592 1957 Charinus
607 1881 722 1967 habet,
743 1889 779 1956 ut
793 1904 891 1979 paene
905 1880 1022 1956 dolens
1041 1882 1186 1956 miretur
1203 1881 1283 1980 quid
1299 1903 1319 1953 a
1337 1903 1373 1955 se
1391 1893 1488 1978 roget

423 2008 622 2106 Pamphilus
654 2008 743 2082 viam
773 2030 913 2083 onmem
942 2029 1097 2105 quaerens
1127 2029 1196 2106 qua
1226 2005 1483 2083 matrimonium

423 2133 611 2210 odiosume
628 2157 663 2210 se
675 2133 840 2235 repellere
854 2135 958 2232 possit
974 2163 982 2208 :

776 2357 948 2415 Paueuuus.
966 2387 999 2398 -
1015 2357 1139 2415 Ehodum
1154 2358 1197 2414 dic
1210 2356 1275 2414 mihi
1289 2375 1294 2414 ε

491 2479 627 2559 Nrunquid
643 2499 704 2539 narn
718 2481 834 2557 artaplius
849 2483 897 2541 tihi
913 2502 974 2541 cram
991 2481 1109 2552 illaleh,
1127 2482 1260 2540 illiarine‘.l

1135 2611 1182 2666 (lu.
1204 2643 1238 2651 -
1259 2609 1298 2666 rth
1313 2610 1318 2664 l
1333 2608 1483 2685 Pamphilo,

490 2699 542 2757 llil.

466 2873 583 2969 Neque
601 2872 704 2949 etiarn
720 2899 829 2972 quum
843 2897 940 2950 veros
959 2874 1127 2973 Pamphili
1152 2897 1270 2948 seusus
1294 2875 1479 2970 ignoraret,

418 3009 452 3071 ut
467 3007 643 3073 vereretur
659 3023 701 3072 ue
717 3000 772 3074 hio
786 3000 1025 3074 Philumenam
1046 3000 1200 3090 duceret,
1226 2999 1382 3096 Byrriam
1403 3022 1480 3072 ser-

419 3146 499 3196 vum
516 3123 723 3200 sustinuerat
737 3125 916 3199 eonsilium
937 3125 1075 3198 dautem
1093 3127 1184 3222 qarorl
1209 3133 1379 3198 seruatores
1404 3123 1478 3196 irati

416 3269 486 3322 araon
503 3249 548 3323 ita
563 3249 785 3325 vehementer
800 3272 962 3347 respuere
978 3251 1084 3325 solent
1102 3277 1109 3323 :

1106 3458 1255 3511 llvvanvuus.
1271 3488 1305 3495 —
1320 3456 1423 3528 ltyrrin,

488 3545 557 3610 Quid
568 3545 616 3602 tihi
629 3545 758 3603 videtur‘l
770 3547 858 3602 adeon
870 3546 902 3602 ad
914 3531 1004 3602 euml

806 3673 921 3729 BvuuvA.
939 3706 973 3714 -—
988 3671 1057 3736 Quid
1072 3671 1122 3727 ni?
1137 3672 1160 3726 si
1173 3671 1211 3727 nil
1226 3671 1356 3746 inpetres,

486 3795 520 3852 llt
532 3804 558 3852 te
571 3796 722 3854 nulritretuv
735 3797 786 3854 sihi
799 3806 925 3872 paratum
938 3797 1090 3864 moechum,
1105 3797 1126 3852 si
1139 3797 1214 3854 illam
1225 3797 1342 3852 duxerit.

415 3933 461 3991 Cu.
478 3963 512 3974 -
525 3931 592 3991 utin
606 3931 669 3990 hino
681 3934 708 3990 iu
720 3933 818 3990 antalam
831 3951 887 3989 vem
901 3951 960 3990 evam
973 3932 1126 4010 suspitione
1139 3933 1216 4000 istac,
1228 3931 1316 3988 scelus
1328 3931 1388 4000 (ott

446 4150 478 4215 ill
497 4151 610 4212 Phorm,
620 4151 637 4209 1,
651 4149 673 4200 2.
686 4168 695 4196 n
714 4152 875 4214 Apollodorus
891 4158 1013 4202 tonsorem
1026 4150 1103 4214 ipsum
1118 4151 1230 4200 ovantium
1243 4150 1309 4210 tarcis,
1321 4149 1362 4213 qui
1374 4149 1440 4200 «licat
1453 4163 1478 4198 sn

415 4243 491 4294 nuper
504 4232 591 4294 puelle
608 4244 702 4282 comam
716 4232 747 4282 oh
762 4232 854 4283 lantum
868 4231 1006 4283 alistulissa.
1025 4249 1035 4277 s
1053 4231 1190 4298 (Donatus.)

445 4309 479 4372 (2)
499 4310 601 4373 holdrin,
617 4312 647 4370 ll,
662 4312 684 4362 l.
