3330 5258
905 472 1061 535 -587-

453 610 563 678 tutam
593 627 711 680 amore
736 607 810 705 jam
838 630 905 683 non
933 609 1108 684 sustineat.
1143 611 1261 700 Quum
1287 609 1331 685 de
1366 610 1425 685 illa
1450 610 1517 685 dici

455 729 620 828 intelligat
634 754 710 830 quae
737 733 845 831 Syrus
868 732 911 810 de
933 733 1083 833 quadam
1107 735 1271 833 opulenta
1294 744 1329 812 et
1353 746 1517 834 corrupta

456 856 1515 960 oreretriceloquitur,snbitodolorepereitos,amicam,quam

455 980 630 1057 infidelem
656 983 720 1058 sibi
747 982 859 1083 lingit,
892 986 1071 1062 absentem
1103 988 1307 1086 compellat,
1329 997 1433 1088 atque
1454 1011 1516 1086 pro

454 1108 555 1182 tantis
581 1108 756 1184 laboribus
780 1110 945 1204 toleratis,
978 1136 1041 1212 pro
1072 1113 1216 1190 inlamia
1236 1114 1282 1189 ob
1307 1137 1407 1188 suam
1436 1137 1516 1213 erga

457 1242 589 1330 patrem
621 1237 875 1312 contumaciam
914 1247 1091 1336 suscepta,
1125 1240 1227 1316 talem
1272 1239 1418 1338 gratiam
1456 1238 1514 1312 sibi

456 1355 576 1432 referri
596 1360 706 1433 verbis
722 1362 923 1438 miserandis
935 1365 1094 1461 queritur
1118 1391 1124 1437 :

959 1590 980 1646 0
993 1589 1129 1664 luppiter,
1141 1589 1279 1646 ubinamst
1290 1588 1380 1645 sides?

475 1677 544 1732 llum
557 1693 607 1750 ego
620 1685 771 1752 propterte
784 1695 879 1736 errans
891 1680 982 1755 patria
995 1697 1074 1736 eareo
1089 1679 1211 1748 demens,
1225 1690 1255 1736 tu
1269 1681 1374 1736 interea
1389 1679 1438 1736 loei

474 1764 701 1840 Conlocupletasti
716 1775 753 1837 te,
767 1768 916 1842 Antiphila,
931 1778 956 1824 et
971 1787 1014 1824 me
1026 1769 1052 1824 in
1067 1769 1110 1826 bis
1123 1770 1268 1826 deseruisti
1282 1769 1371 1840 malis,

476 1854 589 1931 Propter
610 1872 690 1931 qrram
706 1856 733 1912 in
749 1873 854 1915 summa
873 1857 984 1916 inlamia
1004 1876 1065 1916 sum
1081 1867 1108 1916 et
1127 1875 1187 1918 tneo
1202 1859 1274 1937 patri
1290 1859 1381 1916 minus
1400 1876 1459 1915 sum
1474 1858 1517 1914 ob·
1547 1861 1548 1866 ’

892 2025 896 2034 ¹
1384 1953 1516 2024 [sequens

476 2041 578 2113 Qnojns
592 2059 664 2099 nune
678 2043 763 2117 pudet
777 2063 820 2100 me
836 2055 862 2103 et
875 2045 997 2114 miseret,
1013 2045 1058 2120 qui
1073 2045 1170 2102 barum
1184 2063 1274 2104 mores
1286 2045 1413 2102 cantabat
1426 2039 1500 2109 milri,

476 2129 610 2221 llonuisse
620 2133 738 2204 frustra,
750 2152 838 2208 neque
849 2153 910 2192 eum
921 2135 1042 2209 potuisse
1054 2153 1183 2211 umquam
1194 2138 1228 2194 ab
1237 2138 1290 2193 hae
1301 2153 1343 2192 ane
1358 2132 1499 2209 aspellere.

476 2219 552 2287 ouon
564 2232 654 2280 tamen
663 2242 734 2281 nune
743 2224 837 2282 faciam
851 2245 857 2282 :
869 2235 937 2295 tum,
949 2243 1030 2300 quom
1041 2234 1148 2300 matum
1159 2226 1225 2282 milri
1237 2242 1296 2283 esse
1306 2223 1405 2301 potuit,
1419 2220 1501 2280 nolui.

475 2310 585 2371 Nemost
597 2313 724 2372 miserior
736 2334 788 2372 me.

400 2569 403 2576 ·
460 2528 590 2601 Herium
603 2525 687 2600 lalso
706 2526 828 2601 timore
847 2526 1061 2602 laborantem
1079 2527 1185 2625 Syrus
1205 2534 1298 2600 certo
1326 2521 1519 2599 testimonio

461 2647 1517 2748 r·eorearelestinet;Antiphilameniminexspectatusinsisit,
1629 2681 1630 2696 κ

460 2775 688 2874 etejnsvitam
703 2786 736 2850 et
749 2776 890 2850 uirtutes
900 2777 997 2874 quasi
1010 2772 1518 2874 deprehensasbaosuavissima

460 2901 595 2999 pictura
609 2901 772 2977 describit
786 2933 793 2975 :

886 3099 944 3154 lam
956 3099 1074 3172 primum
1086 3098 1217 3164 omnium,

533 3191 580 3249 Ubi
595 3199 705 3247 ventum
719 3188 753 3247 ad
768 3190 834 3246 aedis
849 3197 901 3257 est,
918 3187 1017 3244 Dromo
1031 3187 1120 3262 pultat
1133 3187 1220 3243 loris:

532 3286 605 3340 tlnus
619 3281 743 3356 quadam
755 3279 863 3354 prodit:
879 3279 938 3336 baec
949 3278 996 3333 ubi
1009 3277 1117 3351 aperuit
1128 3277 1239 3343 ostium,

533 3371 667 3428 tlontinuo
681 3370 724 3426 bie
737 3387 766 3425 se
778 3368 895 3442 conjecit
908 3369 989 3435 intro,
1004 3383 1055 3440 ego
1068 3381 1237 3440 consequor:

533 3464 605 3517 Anus
618 3461 721 3516 loribus
739 3459 813 3516 obdit
826 3458 977 3531 pessulum,
991 3456 1025 3514 ad
1037 3457 1126 3512 lanam
1140 3454 1220 3511 redit.

534 3552 584 3608 Hie
596 3551 659 3608 seiri
673 3550 760 3625 potuit
774 3557 822 3606 aut
833 3565 966 3622 nusquam
979 3546 1055 3613 alibi,
1071 3545 1168 3613 Clinia,

535 3644 591 3710 Quo
607 3642 697 3699 studio
712 3641 794 3697 vitam
809 3655 885 3696 suam
902 3647 928 3695 te
942 3638 1055 3694 absente
1067 3634 1200 3706 exegerit,

535 3733 586 3788 Ubi
601 3733 635 3788 de
651 3731 815 3805 inprovisost
828 3728 1012 3786 interventum
1027 3724 1155 3781 mulieri:

535 3823 600 3879 Nam
614 3839 646 3879 ea
658 3839 702 3877 res
716 3819 791 3876 dedit
802 3827 860 3876 tum
873 3815 1051 3874 existumandi
1064 3814 1169 3888 copiam

534 3911 681 3969 Cotidianae
696 3910 757 3966 vitae
772 3906 1005 3973 consuetudinem,

535 4004 600 4069 Qum
612 3999 765 4074 quojusqne
779 3997 919 4069 ingenium
932 4004 963 4050 ut
975 3994 1009 4051 sit
1020 3992 1140 4050 declarat
1152 4007 1285 4048 maxume.

536 4093 684 4148 Texentem
698 4087 780 4144 telam
795 4085 916 4142 studiose
931 4083 1018 4158 ipsam
1035 4081 1205 4150 offendimus,

536 4177 708 4238 Mediocriter
719 4175 931 4232 vestitamveste
944 4171 1063 4244 lugubri,

537 4270 612 4342 (Ejus
625 4267 703 4323 antris
717 4281 806 4333 carisa,
822 4264 928 4337 opinor,
945 4278 1005 4334 quae
1020 4268 1078 4316 erat
1093 4261 1211 4330 mortua)
